% Encoding: UTF-8

@TechReport{Weiss1972,
  author      = {R. Weiss},
  title       = {Electromagnetically coupled gravitational antenna},
  institution = {Research Laboratory of Electronics, MIT},
  year        = {1972},
  type        = {Quarterly progress report},
  url         = {http://arcturus.ligo.caltech.edu/docs/public/P/P720002-01/P720002-01.pdf},
  url         = {http://arcturus.ligo.caltech.edu/docs/public/P/P720002-01/P720002-01.pdf},
}

@Article{Weber_1968,
  author  = {{Weber}, J.},
  title   = {{Gravitational-Wave-Detector Events}},
  journal = {Physical Review Letters},
  year    = {1968},
  volume  = {20},
  pages   = {1307-1308},
  month   = jun,
  adsnote = {Provided by the SAO/NASA Astrophysics Data System},
  adsurl  = {http://adsabs.harvard.edu/abs/1968PhRvL..20.1307W},
  doi     = {10.1103/PhysRevLett.20.1307},
  url     = {http://dx.doi.org/10.1103/PhysRevLett.20.1307},
}

@Article{Garwin_1973,
  author  = {{Levine}, J.~L. and {Garwin}, R.~L.},
  title   = {{Absence of Gravity-Wave Signals in a Bar at 1695 Hz}},
  journal = {Physical Review Letters},
  year    = {1973},
  volume  = {31},
  pages   = {173-176},
  month   = jul,
  adsnote = {Provided by the SAO/NASA Astrophysics Data System},
  adsurl  = {http://adsabs.harvard.edu/abs/1973PhRvL..31..173L},
  doi     = {10.1103/PhysRevLett.31.173},
  url     = {http://dx.doi.org/10.1103/PhysRevLett.31.173},
}

@Article{Kafka_1978,
  author  = {{Kafka}, R. and {Schnupp}, L.},
  title   = {{Final Result of the Munich-Frascati Gravitational Radiation Experiment}},
  journal = {Astronomy and Astrophysics},
  year    = {1978},
  volume  = {70},
  pages   = {97},
  month   = nov,
  adsnote = {Provided by the SAO/NASA Astrophysics Data System},
  adsurl  = {http://adsabs.harvard.edu/abs/1978A%26A....70...97K},
  url     = {http://adsabs.harvard.edu/abs/1978A%26A....70...97K},
}

@Article{Weber_1969,
  author  = {{Weber}, J.},
  title   = {{Evidence for Discovery of Gravitational Radiation}},
  journal = {Physical Review Letters},
  year    = {1969},
  volume  = {22},
  pages   = {1320-1324},
  month   = jun,
  adsnote = {Provided by the SAO/NASA Astrophysics Data System},
  adsurl  = {http://adsabs.harvard.edu/abs/1969PhRvL..22.1320W},
  doi     = {10.1103/PhysRevLett.22.1320},
  url     = {http://dx.doi.org/10.1103/PhysRevLett.22.1320},
}

@Article{Staley2014,
  author  = {{Staley}, A. and {Martynov}, D. and {Abbott}, R. and {Adhikari}, R.~X. and {Arai}, K. and {Ballmer}, S. and {Barsotti}, L. and {Brooks}, A.~F. and {DeRosa}, R.~T. and {Dwyer}, S. and {Effler}, A. and {Evans}, M. and {Fritschel}, P. and {Frolov}, V.~V. and {Gray}, C. and {Guido}, C.~J. and {Gustafson}, R. and {Heintze}, M. and {Hoak}, D. and {Izumi}, K. and {Kawabe}, K. and {King}, E.~J. and {Kissel}, J.~S. and {Kokeyama}, K. and {Landry}, M. and {McClelland}, D.~E. and {Miller}, J. and {Mullavey}, A. and {O'Reilly}, B. and {Rollins}, J.~G. and {Sanders}, J.~R. and {Schofield}, R.~M.~S. and {Sigg}, D. and {Slagmolen}, B.~J.~J. and {Smith-Lefebvre}, N.~D. and {Vajente}, G. and {Ward}, R.~L. and {Wipf}, C.},
  title   = {{Achieving resonance in the Advanced LIGO gravitational-wave interferometer}},
  journal = {Classical and Quantum Gravity},
  year    = {2014},
  volume  = {31},
  number  = {24},
  pages   = {245010},
  month   = dec,
  adsnote = {Provided by the SAO/NASA Astrophysics Data System},
  adsurl  = {http://adsabs.harvard.edu/abs/2014CQGra..31x5010S},
  doi     = {10.1088/0264-9381/31/24/245010},
  eid     = {245010},
  url     = {http://dx.doi.org/10.1088/0264-9381/31/24/245010},
}

@Article{Shoemaker1988,
  author   = {{Shoemaker}, D. and {Schilling}, R. and {Schnupp}, L. and {Winkler}, W. and {Maischberger}, K. and {R{\"u}diger}, A.},
  title    = {{Noise behavior of the Garching 30-meter prototype gravitational-wave detector}},
  journal  = {Physical Review D: Particles and Fields},
  year     = {1988},
  volume   = {38},
  pages    = {423-432},
  month    = jul,
  adsnote  = {Provided by the SAO/NASA Astrophysics Data System},
  adsurl   = {http://adsabs.harvard.edu/abs/1988PhRvD..38..423S},
  doi      = {10.1103/PhysRevD.38.423},
  keywords = {Observational cosmology},
  url      = {http://dx.doi.org/10.1103/PhysRevD.38.423},
}

@Article{Punturo2010,
  author  = {{Punturo}, M. and et al.},
  title   = {{The Einstein Telescope: a third-generation gravitational wave observatory}},
  journal = {Classical and Quantum Gravity},
  year    = {2010},
  volume  = {27},
  number  = {19},
  pages   = {194002},
  month   = oct,
  adsnote = {Provided by the SAO/NASA Astrophysics Data System},
  adsurl  = {http://adsabs.harvard.edu/abs/2010CQGra..27s4002P},
  doi     = {10.1088/0264-9381/27/19/194002},
  eid     = {194002},
  groups  = {ET},
  url     = {http://dx.doi.org/10.1088/0264-9381/27/19/194002},
}

@Article{Morrison1994,
  author   = {{Morrison}, E. and {Robertson}, D.~I. and {Ward}, H. and {Meers}, B.~J.},
  title    = {{Automatic alignment of optical interferometers}},
  journal  = {Applied Optics},
  year     = {1994},
  volume   = {33},
  pages    = {5041-5049},
  month    = aug,
  adsnote  = {Provided by the SAO/NASA Astrophysics Data System},
  adsurl   = {http://adsabs.harvard.edu/abs/1994ApOpt..33.5041M},
  doi      = {10.1364/AO.33.005041},
  keywords = {INTERFEROMETRY, FABRY-PEROT, ALIGNMENT, WAVES},
  url      = {http://dx.doi.org/10.1364/AO.33.005041},
}

@Article{Morrison1994b,
  author   = {{Morrison}, E. and {Robertson}, D.~I. and {Ward}, H. and {Meers}, B.~J.},
  title    = {{Experimental demonstration of an automatic alignment system for optical interferometers}},
  journal  = {Applied Optics},
  year     = {1994},
  volume   = {33},
  pages    = {5037-5040},
  month    = aug,
  adsnote  = {Provided by the SAO/NASA Astrophysics Data System},
  adsurl   = {http://adsabs.harvard.edu/abs/1994ApOpt..33.5037M},
  doi      = {http://dx.doi.org/10.1364/AO.33.005037},
  keywords = {INTERFEROMETRY, FABRY-PEROT, ALIGNMENT, WAVES},
  url      = {http://dx.doi.org/10.1364/AO.33.005037},
}

@PhdThesis{Matone1999,
  author = {Luca Matone},
  title  = {Study of the Global Control of VIRGO`s Central Area Interferometer},
  school = {Universite\'{e} Paris XI Orsay},
  year   = {1999},
  groups = {VIRGO},
  url    = {https://www.ligo.caltech.edu/~rana/docs/Theses/Thesis-Luca.pdf},
}

@Article{L_ck_2006,
  author    = {H Lück and M Hewitson and P Ajith and B Allen and P Aufmuth and C Aulbert and S Babak and R Balasubramanian and B W Barr and S Berukoff and A Bunkowski and G Cagnoli and C A Cantley and M M Casey and S Chelkowski and Y Chen and D Churches and T Cokelaer and C N Colacino and D R M Crooks and C Cutler and K Danzmann and R J Dupuis and E Elliffe and C Fallnich and A Franzen and A Freise and I Gholami and S Go{\ss}ler and A Grant and H Grote and S Grunewald and J Harms and B Hage and G Heinzel and I S Heng and A Hepstonstall and M Heurs and S Hild and J Hough and Y Itoh and G Jones and R Jones and S H Huttner and K Kötter and B Krishnan and P Kwee and M Luna and B Machenschalk and M Malec and R A Mercer and T Meier and C Messenger and S Mohanty and K Mossavi and S Mukherjee and P Murray and G P Newton and M A Papa and M Perreur-Lloyd and M Pitkin and M V Plissi and R Prix and V Quetschke and V Re and T Regimbau and H Rehbein and S Reid and L Ribichini and D I Robertson and N A Robertson and C Robinson and J D Romano and S Rowan and A Rüdiger and B S Sathyaprakash and R Schilling and R Schnabel and B F Schutz and F Seifert and A M Sintes and J R Smith and P H Sneddon and K A Strain and I Taylor and R Taylor and A Thüring and C Ungarelli and H Vahlbruch and A Vecchio and J Veitch and H Ward and U Weiland and H Welling and L Wen and P Williams and B Willke and W Winkler and G Woan and R Zhu},
  title     = {Status of the {GEO}600 detector},
  journal   = {Class. Quantum Grav.},
  year      = {2006},
  volume    = {23},
  number    = {8},
  pages     = {S71--S78},
  month     = {mar},
  doi       = {10.1088/0264-9381/23/8/s10},
  groups    = {GEO},
  publisher = {{IOP} Publishing},
  url       = {http://dx.doi.org/10.1088/0264-9381/23/8/S10},
}

@Article{DCreadout,
  author        = {{Hild}, S. and {Grote}, H. and {Degallaix}, J. and {Chelkowski}, S. and {Danzmann}, K. and {Freise}, A. and {Hewitson}, M. and {Hough}, J. and {L{\"u}ck}, H. and {Prijatelj}, M. and {Strain}, K.~A. and {Smith}, J.~R. and {Willke}, B.},
  title         = {{DC-readout of a signal-recycled gravitational wave detector}},
  journal       = {Classical and Quantum Gravity},
  year          = {2009},
  volume        = {26},
  number        = {5},
  pages         = {055012},
  month         = mar,
  adsnote       = {Provided by the SAO/NASA Astrophysics Data System},
  adsurl        = {http://adsabs.harvard.edu/abs/2009CQGra..26e5012H},
  archiveprefix = {arXiv},
  doi           = {10.1088/0264-9381/26/5/055012},
  eid           = {055012},
  eprint        = {0811.3242},
  groups        = {aLIGO},
  primaryclass  = {gr-qc},
  url           = {http://dx.doi.org/10.1088/0264-9381/26/5/055012},
}

@Article{Giaime_1996,
  author    = {Joseph Giaime and Partha Saha and David Shoemaker and Lisa Sievers},
  title     = {A passive vibration isolation stack for {LIGO}: Design, modeling, and testing},
  journal   = {Review of Scientific Instruments},
  year      = {1996},
  volume    = {67},
  number    = {1},
  pages     = {208},
  doi       = {10.1063/1.1146573},
  groups    = {iLIGO},
  publisher = {{AIP} Publishing},
  url       = {http://dx.doi.org/10.1063/1.1146573},
}

@Article{Fritschel1998,
  author  = {{Fritschel}, P. and {Mavalvala}, N. and {Shoemaker}, D. and {Sigg}, D. and {Zucker}, M. and {Gonz{\'a}lez}, G.},
  title   = {{Alignment of an Interferometric Gravitational Wave Detector}},
  journal = {Applied Optics},
  year    = {1998},
  volume  = {37},
  pages   = {6734-6747},
  month   = oct,
  adsnote = {Provided by the SAO/NASA Astrophysics Data System},
  adsurl  = {http://adsabs.harvard.edu/abs/1998ApOpt..37.6734F},
  doi     = {10.1364/AO.37.006734},
  url     = {http://dx.doi.org/10.1364/AO.37.006734},
}

@Article{Dwyer2015,
  author        = {{Dwyer}, S. and {Sigg}, D. and {Ballmer}, S.~W. and {Barsotti}, L. and {Mavalvala}, N. and {Evans}, M.},
  title         = {{Gravitational wave detector with cosmological reach}},
  journal       = {Physical Review D: Particles and Fields},
  year          = {2015},
  volume        = {91},
  number        = {8},
  pages         = {082001},
  month         = apr,
  adsnote       = {Provided by the SAO/NASA Astrophysics Data System},
  adsurl        = {http://adsabs.harvard.edu/abs/2015PhRvD..91h2001D},
  archiveprefix = {arXiv},
  doi           = {10.1103/PhysRevD.91.082001},
  eid           = {082001},
  eprint        = {1410.0612},
  keywords      = {Gravitational wave detectors and experiments, Gravitational radiation detectors, mass spectrometers, and other instrumentation and techniques, Gravitational radiation magnetic fields and other observations, Interferometers},
  primaryclass  = {astro-ph.IM},
  url           = {http://dx.doi.org/10.1103/PhysRevD.91.082001},
}

@Article{PDH,
  author   = {{Drever}, R.~W.~P. and {Hall}, J.~L. and {Kowalski}, F.~V. and {Hough}, J. and {Ford}, G.~M. and {Munley}, A.~J. and {Ward}, H.},
  title    = {{Laser phase and frequency stabilization using an optical resonator}},
  journal  = {Applied Physics B: Lasers and Optics},
  year     = {1983},
  volume   = {31},
  pages    = {97-105},
  month    = jun,
  adsnote  = {Provided by the SAO/NASA Astrophysics Data System},
  adsurl   = {http://adsabs.harvard.edu/abs/1983ApPhB..31...97D},
  doi      = {10.1007/BF00702605},
  keywords = {PACS 06 - 07.60 - 07.65, 06, 07.60, 07.65},
  url      = {http://dx.doi.org/10.1007/BF00702605},
}

@Article{Barish_1999,
  author    = {Barry C. Barish and Rainer Weiss},
  title     = {{LIGO} and the Detection of Gravitational Waves},
  journal   = {Physics Today},
  year      = {1999},
  volume    = {52},
  number    = {10},
  pages     = {44},
  doi       = {10.1063/1.882861},
  groups    = {iLIGO},
  publisher = {{AIP} Publishing},
  url       = {http://dx.doi.org/10.1063/1.882861},
}

@Article{Arain2008,
  author  = {{Arain}, M.~A. and {Mueller}, G.},
  title   = {{Design of the Advanced LIGO recycling cavities}},
  journal = {Optics Express},
  year    = {2008},
  volume  = {16},
  pages   = {10018},
  month   = jun,
  adsnote = {Provided by the SAO/NASA Astrophysics Data System},
  adsurl  = {http://adsabs.harvard.edu/abs/2008OExpr..1610018A},
  doi     = {10.1364/oe.16.010018},
  groups  = {aLIGO},
  url     = {http://dx.doi.org/10.1364/oe.16.010018},
}

@Article{Ando_2002,
  author    = {Masaki Ando and the TAMA collaboration},
  title     = {Current status of {TAMA}},
  journal   = {Class. Quantum Grav.},
  year      = {2002},
  volume    = {19},
  number    = {7},
  pages     = {1409--1419},
  month     = {mar},
  doi       = {10.1088/0264-9381/19/7/324},
  groups    = {TAMA},
  publisher = {{IOP} Publishing},
  url       = {http://dx.doi.org/10.1088/0264-9381/19/7/324},
}

@Article{Anderson1984,
  author   = {{Anderson}, D.~Z.},
  title    = {{Alignment of resonant optical cavities}},
  journal  = {Applied Optics},
  year     = {1984},
  volume   = {23},
  pages    = {2944-2949},
  month    = sep,
  adsnote  = {Provided by the SAO/NASA Astrophysics Data System},
  adsurl   = {http://adsabs.harvard.edu/abs/1984ApOpt..23.2944A},
  doi      = {10.1364/AO.23.002944},
  keywords = {Cavity Resonators, Coupled Modes, Light Beams, Optical Resonators, Laser Cavities, Normal Density Functions, Propagation Modes, Spatial Distribution},
  url      = {http://dx.doi.org/10.1364/AO.23.002944},
}

@Article{Acernese_2008,
  author    = {F Acernese and M Alshourbagy and P Amico and F Antonucci and S Aoudia and P Astone and S Avino and L Baggio and G Ballardin and F Barone and L Barsotti and M Barsuglia and Th S Bauer and S Bigotta and S Birindelli and M A Bizouard and C Boccara and F Bondu and L Bosi and S Braccini and C Bradaschia and A Brillet and V Brisson and D Buskulic and G Cagnoli and E Calloni and E Campagna and F Carbognani and F Cavalier and R Cavalieri and G Cella and E Cesarini and E Chassande-Mottin and A-C Clapson and F Cleva and E Coccia and C Corda and A Corsi and F Cottone and J-P Coulon and E Cuoco and S D'Antonio and A Dari and V Dattilo and M Davier and R De Rosa and M Del Prete and L Di Fiore and A Di Lieto and M Di Paolo Emilio and A Di Virgilio and M Evans and V Fafone and I Ferrante and F Fidecaro and I Fiori and R Flaminio and J-D Fournier and S Frasca and F Frasconi and L Gammaitoni and F Garufi and E Genin and A Gennai and A Giazotto and L Giordano and V Granata and C Greverie and D Grosjean and G Guidi and S Hamdani and S Hebri and H Heitmann and P Hello and D Huet and S Kreckelbergh and P La Penna and M Laval and N Leroy and N Letendre and B Lopez and M Lorenzini and V Loriette and G Losurdo and J-M Mackowski and E Majorana and C N Man and M Mantovani and F Marchesoni and F Marion and J Marque and F Martelli and A Masserot and F Menzinger and L Milano and Y Minenkov and C Moins and J Moreau and N Morgado and S Mosca and B Mours and I Neri and F Nocera and G Pagliaroli and C Palomba and F Paoletti and S Pardi and A Pasqualetti and R Passaquieti and D Passuello and F Piergiovanni and L Pinard and R Poggiani and M Punturo and P Puppo and P Rapagnani and T Regimbau and A Remillieux and F Ricci and I Ricciardi and A Rocchi and L Rolland and R Romano and P Ruggi and G Russo and S Solimeno and A Spallicci and M Tarallo and R Terenzi and A Toncelli and M Tonelli and E Tournefier and F Travasso and C Tremola and G Vajente and J F J van den Brand and S van der Putten and D Verkindt and F Vetrano and A Vicer{\'{e}} and J-Y Vinet and H Vocca and M Yvert},
  title     = {Status of Virgo},
  journal   = {Class. Quantum Grav.},
  year      = {2008},
  volume    = {25},
  number    = {11},
  pages     = {114045},
  month     = {may},
  doi       = {10.1088/0264-9381/25/11/114045},
  groups    = {VIRGO},
  publisher = {{IOP} Publishing},
  url       = {http://dx.doi.org/10.1088/0264-9381/25/11/114045},
}

@Article{Accadia_2012,
  author    = {T Accadia and F Acernese and M Alshourbagy and P Amico and F Antonucci and S Aoudia and N Arnaud and C Arnault and K G Arun and P Astone and S Avino and D Babusci and G Ballardin and F Barone and G Barrand and L Barsotti and M Barsuglia and A Basti and Th S Bauer and F Beauville and M Bebronne and M Bejger and M G Beker and F Bellachia and A Belletoile and J L Beney and M Bernardini and S Bigotta and R Bilhaut and S Birindelli and M Bitossi and M A Bizouard and M Blom and C Boccara and D Boget and F Bondu and L Bonelli and R Bonnand and V Boschi and L Bosi and T Bouedo and B Bouhou and A Bozzi and L Bracci and S Braccini and C Bradaschia and M Branchesi and T Briant and A Brillet and V Brisson and L Brocco and T Bulik and H J Bulten and D Buskulic and C Buy and G Cagnoli and G Calamai and E Calloni and E Campagna and B Canuel and F Carbognani and L Carbone and F Cavalier and R Cavalieri and R Cecchi and G Cella and E Cesarini and E Chassande-Mottin and S Chatterji and R Chiche and A Chincarini and A Chiummo and N Christensen and A C Clapson and F Cleva and E Coccia and P -F Cohadon and C N Colacino and J Colas and A Colla and M Colombini and G Conforto and A Corsi and S Cortese and F Cottone and J -P Coulon and E Cuoco and S D'Antonio and G Daguin and A Dari and V Dattilo and P Y David and M Davier and R Day and G Debreczeni and G De Carolis and M Dehamme and R Del Fabbro and W Del Pozzo and M del Prete and L Derome and R De Rosa and R DeSalvo and M Dialinas and L Di Fiore and A Di Lieto and M Di Paolo Emilio and A Di Virgilio and A Dietz and M Doets and P Dominici and A Dominjon and M Drago and C Drezen and B Dujardin and B Dulach and C Eder and A Eleuteri and D Enard and M Evans and L Fabbroni and V Fafone and H Fang and I Ferrante and F Fidecaro and I Fiori and R Flaminio and D Forest and L A Forte and J -D Fournier and L Fournier and J Franc and O Francois and S Frasca and F Frasconi and A Freise and A Gaddi and M Galimberti and L Gammaitoni and P Ganau and C Garnier and F Garufi and M E G{\'{a}}sp{\'{a}}r and G Gemme and E Genin and A Gennai and G Gennaro and L Giacobone and A Giazotto and G Giordano and L Giordano and C Girard and R Gouaty and A Grado and M Granata and V Granata and X Grave and C Greverie and H Groenstege and G M Guidi and S Hamdani and J -F Hayau and S Hebri and A Heidmann and H Heitmann and P Hello and G Hemming and E Hennes and R Hermel and P Heusse and L Holloway and D Huet and M Iannarelli and P Jaranowski and D Jehanno and L Journet and S Karkar and T Ketel and H Voet and J Kovalik and I Kowalska and S Kreckelbergh and A Krolak and J C Lacotte and B Lagrange and P La Penna and M Laval and J C Le Marec and N Leroy and N Letendre and T G F Li and B Lieunard and N Liguori and O Lodygensky and B Lopez and M Lorenzini and V Loriette and G Losurdo and M Loupias and J M Mackowski and T Maiani and E Majorana and C Magazz{\`{u}} and I Maksimovic and V Malvezzi and N Man and S Mancini and B Mansoux and M Mantovani and F Marchesoni and F Marion and P Marin and J Marque and F Martelli and A Masserot and L Massonnet and G Matone and L Matone and M Mazzoni and F Menzinger and C Michel and L Milano and Y Minenkov and S Mitra and M Mohan and J -L Montorio and R Morand and F Moreau and J Moreau and N Morgado and A Morgia and S Mosca and V Moscatelli and B Mours and P Mugnier and F -A Mul and L Naticchioni and I Neri and F Nocera and E Pacaud and G Pagliaroli and A Pai and L Palladino and C Palomba and F Paoletti and R Paoletti and A Paoli and S Pardi and G Parguez and M Parisi and A Pasqualetti and R Passaquieti and D Passuello and M Perciballi and B Perniola and G Persichetti and S Petit and M Pichot and F Piergiovanni and M Pietka and R Pignard and L Pinard and R Poggiani and P Popolizio and T Pradier and M Prato and G A Prodi and M Punturo and P Puppo and K Qipiani and O Rabaste and D S Rabeling and I R{\'{a}}cz and F Raffaelli and P Rapagnani and S Rapisarda and V Re and A Reboux and T Regimbau and V Reita and A Remilleux and F Ricci and I Ricciardi and F Richard and M Ripepe and F Robinet and A Rocchi and L Rolland and R Romano and D Rosi{\'{n}}ska and P Roudier and P Ruggi and G Russo and L Salconi and V Sannibale and B Sassolas and D Sentenac and S Solimeno and R Sottile and L Sperandio and R Stanga and R Sturani and B Swinkels and M Tacca and R Taddei and L Taffarello and M Tarallo and S Tissot and A Toncelli and M Tonelli and O Torre and E Tournefier and F Travasso and C Tremola and E Turri and G Vajente and J F J van den Brand and C Van Den Broeck and S van der Putten and M Vasuth and M Vavoulidis and G Vedovato and D Verkindt and F Vetrano and O V{\'{e}}ziant and A Vicer{\'{e}} and J -Y Vinet and S Vilalte and S Vitale and H Vocca and R L Ward and M Was and K Yamamoto and M Yvert and J -P Zendri and Z Zhang},
  title     = {Virgo: a laser interferometer to detect gravitational waves},
  journal   = {Journal of Instrumentation},
  year      = {2012},
  volume    = {7},
  number    = {03},
  pages     = {P03012--P03012},
  month     = {mar},
  doi       = {10.1088/1748-0221/7/03/p03012},
  groups    = {Sources of information, VIRGO},
  publisher = {{IOP} Publishing},
  url       = {http://dx.doi.org/10.1088/1748-0221/7/03/P03012},
}

@Article{Abramovici_1992,
  author    = {A. Abramovici and W. E. Althouse and R. W. P. Drever and Y. Gursel and S. Kawamura and F. J. Raab and D. Shoemaker and L. Sievers and R. E. Spero and K. S. Thorne and R. E. Vogt and R. Weiss and S. E. Whitcomb and M. E. Zucker},
  title     = {{LIGO}: The Laser Interferometer Gravitational-Wave Observatory},
  journal   = {Science},
  year      = {1992},
  volume    = {256},
  number    = {5055},
  pages     = {325--333},
  month     = {apr},
  doi       = {10.1126/science.256.5055.325},
  groups    = {iLIGO},
  publisher = {American Association for the Advancement of Science ({AAAS})},
  url       = {http://dx.doi.org/10.1126/science.256.5055.325},
}

@Article{Abbott_2009,
  author    = {B P Abbott and R Abbott and R Adhikari and P Ajith and B Allen and G Allen and R S Amin and S B Anderson and W G Anderson and M A Arain and M Araya and H Armandula and P Armor and Y Aso and S Aston and P Aufmuth and C Aulbert and S Babak and P Baker and S Ballmer and C Barker and D Barker and B Barr and P Barriga and L Barsotti and M A Barton and I Bartos and R Bassiri and M Bastarrika and B Behnke and M Benacquista and J Betzwieser and P T Beyersdorf and I A Bilenko and G Billingsley and R Biswas and E Black and J K Blackburn and L Blackburn and D Blair and B Bland and T P Bodiya and L Bogue and R Bork and V Boschi and S Bose and P R Brady and V B Braginsky and J E Brau and D O Bridges and M Brinkmann and A F Brooks and D A Brown and A Brummit and G Brunet and A Bullington and A Buonanno and O Burmeister and R L Byer and L Cadonati and J B Camp and J Cannizzo and K C Cannon and J Cao and L Cardenas and S Caride and G Castaldi and S Caudill and M Cavagli{\`{a}} and C Cepeda and T Chalermsongsak and E Chalkley and P Charlton and S Chatterji and S Chelkowski and Y Chen and N Christensen and C T Y Chung and D Clark and J Clark and J H Clayton and T Cokelaer and C N Colacino and R Conte and D Cook and T R C Corbitt and N Cornish and D Coward and D C Coyne and J D E Creighton and T D Creighton and A M Cruise and R M Culter and A Cumming and L Cunningham and S L Danilishin and K Danzmann and B Daudert and G Davies and E J Daw and D DeBra and J Degallaix and V Dergachev and S Desai and R DeSalvo and S Dhurandhar and M D{\'{\i}}az and A Dietz and F Donovan and K L Dooley and E E Doomes and R W P Drever and J Dueck and I Duke and J-C Dumas and J G Dwyer and C Echols and M Edgar and A Effler and P Ehrens and E Espinoza and T Etzel and M Evans and T Evans and S Fairhurst and Y Faltas and Y Fan and D Fazi and H Fehrmenn and L S Finn and K Flasch and S Foley and C Forrest and N Fotopoulos and A Franzen and M Frede and M Frei and Z Frei and A Freise and R Frey and T Fricke and P Fritschel and V V Frolov and M Fyffe and V Galdi and J A Garofoli and I Gholami and J A Giaime and S Giampanis and K D Giardina and K Goda and E Goetz and L M Goggin and G Gonz{\'{a}}lez and M L Gorodetsky and S Go{\ss}ler and R Gouaty and A Grant and S Gras and C Gray and M Gray and R J S Greenhalgh and A M Gretarsson and F Grimaldi and R Grosso and H Grote and S Grunewald and M Guenther and E K Gustafson and R Gustafson and B Hage and J M Hallam and D Hammer and G D Hammond and C Hanna and J Hanson and J Harms and G M Harry and I W Harry and E D Harstad and K Haughian and K Hayama and J Heefner and I S Heng and A Heptonstall and M Hewitson and S Hild and E Hirose and D Hoak and K A Hodge and K Holt and D J Hosken and J Hough and D Hoyland and B Hughey and S H Huttner and D R Ingram and T Isogai and M Ito and A Ivanov and B Johnson and W W Johnson and D I Jones and G Jones and R Jones and L Ju and P Kalmus and V Kalogera and S Kandhasamy and J Kanner and D Kasprzyk and E Katsavounidis and K Kawabe and S Kawamura and F Kawazoe and W Kells and D G Keppel and A Khalaidovski and F Y Khalili and R Khan and E Khazanov and P King and J S Kissel and S Klimenko and K Kokeyama and V Kondrashov and R Kopparapu and S Koranda and D Kozak and B Krishnan and R Kumar and P Kwee and P K Lam and M Landry and B Lantz and A Lazzarini and H Lei and M Lei and N Leindecker and I Leonor and C Li and H Lin and P E Lindquist and T B Littenberg and N A Lockerbie and D Lodhia and M Longo and M Lormand and P Lu and M Lubinski and A Lucianetti and H Lück and B Machenschalk and M MacInnis and M Mageswaran and K Mailand and I Mandel and V Mandic and S M{\'{a}}rka and Z M{\'{a}}rka and A Markosyan and J Markowitz and E Maros and I W Martin and R M Martin and J N Marx and K Mason and F Matichard and L Matone and R A Matzner and N Mavalvala and R McCarthy and D E McClelland and S C McGuire and M McHugh and G McIntyre and D J A McKechan and K McKenzie and M Mehmet and A Melatos and A C Melissinos and D F Men{\'{e}}ndez and G Mendell and R A Mercer and S Meshkov and C Messenger and M S Meyer and J Miller and J Minelli and Y Mino and V P Mitrofanov and G Mitselmakher and R Mittleman and O Miyakawa and B Moe and S D Mohanty and S R P Mohapatra and G Moreno and T Morioka and K Mors and K Mossavi and C MowLowry and G Mueller and H Müller-Ebhardt and D Muhammad and S Mukherjee and H Mukhopadhyay and A Mullavey and J Munch and P G Murray and E Myers and J Myers and T Nash and J Nelson and G Newton and A Nishizawa and K Numata and J O'Dell and B O'Reilly and R O'Shaughnessy and E Ochsner and G H Ogin and D J Ottaway and R S Ottens and H Overmier and B J Owen and Y Pan and C Pankow and M A Papa and V Parameshwaraiah and P Patel and M Pedraza and S Penn and A Perraca and V Pierro and I M Pinto and M Pitkin and H J Pletsch and M V Plissi and F Postiglione and M Principe and R Prix and L Prokhorov and O Punken and V Quetschke and F J Raab and D S Rabeling and H Radkins and P Raffai and Z Raics and N Rainer and M Rakhmanov and V Raymond and C M Reed and T Reed and H Rehbein and S Reid and D H Reitze and R Riesen and K Riles and B Rivera and P Roberts and N A Robertson and C Robinson and E L Robinson and S Roddy and C Röver and J Rollins and J D Romano and J H Romie and S Rowan and A Rüdiger and P Russell and K Ryan and S Sakata and L Sancho de la Jordana and V Sandberg and V Sannibale and L Santamar{\'{\i}}a and S Saraf and P Sarin and B S Sathyaprakash and S Sato and M Satterthwaite and P R Saulson and R Savage and P Savov and M Scanlan and R Schilling and R Schnabel and R Schofield and B Schulz and B F Schutz and P Schwinberg and J Scott and S M Scott and A C Searle and B Sears and F Seifert and D Sellers and A S Sengupta and A Sergeev and B Shapiro and P Shawhan and D H Shoemaker and A Sibley and X Siemens and D Sigg and S Sinha and A M Sintes and B J J Slagmolen and J Slutsky and J R Smith and M R Smith and N D Smith and K Somiya and B Sorazu and A Stein and L C Stein and S Steplewski and A Stochino and R Stone and K A Strain and S Strigin and A Stroeer and A L Stuver and T Z Summerscales and K-X Sun and M Sung and P J Sutton and G P Szokoly and D Talukder and L Tang and D B Tanner and S P Tarabrin and J R Taylor and R Taylor and J Thacker and K A Thorne and A Thüring and K V Tokmakov and C Torres and C Torrie and G Traylor and M Trias and D Ugolini and J Ulmen and K Urbanek and H Vahlbruch and M Vallisneri and C Van Den Broeck and M V van der Sluys and A A van Veggel and S Vass and R Vaulin and A Vecchio and J Veitch and P Veitch and C Veltkamp and A Villar and C Vorvick and S P Vyachanin and S J Waldman and L Wallace and R L Ward and A Weidner and M Weinert and A J Weinstein and R Weiss and L Wen and S Wen and K Wette and J T Whelan and S E Whitcomb and B F Whiting and C Wilkinson and P A Willems and H R Williams and L Williams and B Willke and I Wilmut and L Winkelmann and W Winkler and C C Wipf and A G Wiseman and G Woan and R Wooley and J Worden and W Wu and I Yakushin and H Yamamoto and Z Yan and S Yoshida and M Zanolin and J Zhang and L Zhang and C Zhao and N Zotov and M E Zucker and H zur Mühlen and J Zweizig},
  title     = {{LIGO}: the Laser Interferometer Gravitational-Wave Observatory},
  journal   = {Reports on Progress in Physics},
  year      = {2009},
  volume    = {72},
  number    = {7},
  pages     = {076901},
  month     = {jun},
  doi       = {10.1088/0034-4885/72/7/076901},
  groups    = {iLIGO},
  publisher = {{IOP} Publishing},
  url       = {http://dx.doi.org/10.1088/0034-4885/72/7/076901},
}

@Article{GW150914,
  author       = {B. P. Abbott and R. Abbott and T. D. Abbott and M. R. Abernathy and F. Acernese and K. Ackley and C. Adams and T. Adams and P. Addesso and R. X. Adhikari and V. B. Adya and C. Affeldt and M. Agathos and K. Agatsuma and N. Aggarwal and O. D. Aguiar and L. Aiello and A. Ain and P. Ajith and B. Allen and A. Allocca and P. A. Altin and S. B. Anderson and W. G. Anderson and K. Arai and M. A. Arain and M. C. Araya and C. C. Arceneaux and J. S. Areeda and N. Arnaud and K. G. Arun and S. Ascenzi and G. Ashton and M. Ast and S. M. Aston and P. Astone and P. Aufmuth and C. Aulbert and S. Babak and P. Bacon and M. K. M. Bader and P. T. Baker and F. Baldaccini and G. Ballardin and S. W. Ballmer and J. C. Barayoga and S. E. Barclay and B. C. Barish and D. Barker and F. Barone and B. Barr and L. Barsotti and M. Barsuglia and D. Barta and J. Bartlett and M. A. Barton and I. Bartos and R. Bassiri and A. Basti and J. C. Batch and C. Baune and V. Bavigadda and M. Bazzan and B. Behnke and M. Bejger and C. Belczynski and A. S. Bell and C. J. Bell and B. K. Berger and J. Bergman and G. Bergmann and C. P. L. Berry and D. Bersanetti and A. Bertolini and J. Betzwieser and S. Bhagwat and R. Bhandare and I. A. Bilenko and G. Billingsley and J. Birch and R. Birney and O. Birnholtz and S. Biscans and A. Bisht and M. Bitossi and C. Biwer and M. A. Bizouard and J. K. Blackburn and C. D. Blair and D. G. Blair and R. M. Blair and S. Bloemen and O. Bock and T. P. Bodiya and M. Boer and G. Bogaert and C. Bogan and A. Bohe and P. Bojtos and C. Bond and F. Bondu and R. Bonnand and B. A. Boom and R. Bork and V. Boschi and S. Bose and Y. Bouffanais and A. Bozzi and C. Bradaschia and P. R. Brady and V. B. Braginsky and M. Branchesi and J. E. Brau and T. Briant and A. Brillet and M. Brinkmann and V. Brisson and P. Brockill and A. F. Brooks and D. A. Brown and D. D. Brown and N. M. Brown and C. C. Buchanan and A. Buikema and T. Bulik and H. J. Bulten and A. Buonanno and D. Buskulic and C. Buy and R. L. Byer and M. Cabero and L. Cadonati and G. Cagnoli and C. Cahillane and J. Calder{\'{o}}n Bustillo and T. Callister and E. Calloni and J. B. Camp and K. C. Cannon and J. Cao and C. D. Capano and E. Capocasa and F. Carbognani and S. Caride and J. Casanueva Diaz and C. Casentini and S. Caudill and M. Cavagli{\`{a}} and F. Cavalier and R. Cavalieri and G. Cella and C. B. Cepeda and L. Cerboni Baiardi and G. Cerretani and E. Cesarini and R. Chakraborty and T. Chalermsongsak and S. J. Chamberlin and M. Chan and S. Chao and P. Charlton and E. Chassande-Mottin and H. Y. Chen and Y. Chen and C. Cheng and A. Chincarini and A. Chiummo and H. S. Cho and M. Cho and J. H. Chow and N. Christensen and Q. Chu and S. Chua and S. Chung and G. Ciani and F. Clara and J. A. Clark and F. Cleva and E. Coccia and P.-F. Cohadon and A. Colla and C. G. Collette and L. Cominsky and M. Constancio and A. Conte and L. Conti and D. Cook and T. R. Corbitt and N. Cornish and A. Corsi and S. Cortese and C. A. Costa and M. W. Coughlin and S. B. Coughlin and J.-P. Coulon and S. T. Countryman and P. Couvares and E. E. Cowan and D. M. Coward and M. J. Cowart and D. C. Coyne and R. Coyne and K. Craig and J. D. E. Creighton and T. D. Creighton and J. Cripe and S. G. Crowder and A. M. Cruise and A. Cumming and L. Cunningham and E. Cuoco and T. Dal Canton and S. L. Danilishin and S. D'Antonio and K. Danzmann and N. S. Darman and C. F. Da Silva Costa and V. Dattilo and I. Dave and H. P. Daveloza and M. Davier and G. S. Davies and E. J. Daw and R. Day and S. De and D. DeBra and G. Debreczeni and J. Degallaix and M. De Laurentis and S. Del{\'{e}}glise and W. Del Pozzo and T. Denker and T. Dent and H. Dereli and V. Dergachev and R. T. DeRosa and R. De Rosa and R. DeSalvo and S. Dhurandhar and M. C. D{\'{\i}}az and L. Di Fiore and M. Di Giovanni and A. Di Lieto and S. Di Pace and I. Di Palma and A. Di Virgilio and G. Dojcinoski and V. Dolique and F. Donovan and K. L. Dooley and S. Doravari and R. Douglas and T. P. Downes and M. Drago and R. W. P. Drever and J. C. Driggers and Z. Du and M. Ducrot and S. E. Dwyer and T. B. Edo and M. C. Edwards and A. Effler and H.-B. Eggenstein and P. Ehrens and J. Eichholz and S. S. Eikenberry and W. Engels and R. C. Essick and T. Etzel and M. Evans and T. M. Evans and R. Everett and M. Factourovich and V. Fafone and H. Fair and S. Fairhurst and X. Fan and Q. Fang and S. Farinon and B. Farr and W. M. Farr and M. Favata and M. Fays and H. Fehrmann and M. M. Fejer and D. Feldbaum and I. Ferrante and E. C. Ferreira and F. Ferrini and F. Fidecaro and L. S. Finn and I. Fiori and D. Fiorucci and R. P. Fisher and R. Flaminio and M. Fletcher and H. Fong and J.-D. Fournier and S. Franco and S. Frasca and F. Frasconi and M. Frede and Z. Frei and A. Freise and R. Frey and V. Frey and T. T. Fricke and P. Fritschel and V. V. Frolov and P. Fulda and M. Fyffe and H. A. G. Gabbard and J. R. Gair and L. Gammaitoni and S. G. Gaonkar and F. Garufi and A. Gatto and G. Gaur and N. Gehrels and G. Gemme and B. Gendre and E. Genin and A. Gennai and J. George and L. Gergely and V. Germain and Abhirup Ghosh and Archisman Ghosh and S. Ghosh and J. A. Giaime and K. D. Giardina and A. Giazotto and K. Gill and A. Glaefke and J. R. Gleason and E. Goetz and R. Goetz and L. Gondan and G. Gonz{\'{a}}lez and J. M. Gonzalez Castro and A. Gopakumar and N. A. Gordon and M. L. Gorodetsky and S. E. Gossan and M. Gosselin and R. Gouaty and C. Graef and P. B. Graff and M. Granata and A. Grant and S. Gras and C. Gray and G. Greco and A. C. Green and R. J. S. Greenhalgh and P. Groot and H. Grote and S. Grunewald and G. M. Guidi and X. Guo and A. Gupta and M. K. Gupta and K. E. Gushwa and E. K. Gustafson and R. Gustafson and J. J. Hacker and B. R. Hall and E. D. Hall and G. Hammond and M. Haney and M. M. Hanke and J. Hanks and C. Hanna and M. D. Hannam and J. Hanson and T. Hardwick and J. Harms and G. M. Harry and I. W. Harry and M. J. Hart and M. T. Hartman and C.-J. Haster and K. Haughian and J. Healy and J. Heefner and A. Heidmann and M. C. Heintze and G. Heinzel and H. Heitmann and P. Hello and G. Hemming and M. Hendry and I. S. Heng and J. Hennig and A. W. Heptonstall and M. Heurs and S. Hild and D. Hoak and K. A. Hodge and D. Hofman and S. E. Hollitt and K. Holt and D. E. Holz and P. Hopkins and D. J. Hosken and J. Hough and E. A. Houston and E. J. Howell and Y. M. Hu and S. Huang and E. A. Huerta and D. Huet and B. Hughey and S. Husa and S. H. Huttner and T. Huynh-Dinh and A. Idrisy and N. Indik and D. R. Ingram and R. Inta and H. N. Isa and J.-M. Isac and M. Isi and G. Islas and T. Isogai and B. R. Iyer and K. Izumi and M. B. Jacobson and T. Jacqmin and H. Jang and K. Jani and P. Jaranowski and S. Jawahar and F. Jim{\'{e}}nez-Forteza and W. W. Johnson and N. K. Johnson-McDaniel and D. I. Jones and R. Jones and R. J. G. Jonker and L. Ju and K. Haris and C. V. Kalaghatgi and V. Kalogera and S. Kandhasamy and G. Kang and J. B. Kanner and S. Karki and M. Kasprzack and E. Katsavounidis and W. Katzman and S. Kaufer and T. Kaur and K. Kawabe and F. Kawazoe and F. K{\'{e}}f{\'{e}}lian and M. S. Kehl and D. Keitel and D. B. Kelley and W. Kells and R. Kennedy and D. G. Keppel and J. S. Key and A. Khalaidovski and F. Y. Khalili and I. Khan and S. Khan and Z. Khan and E. A. Khazanov and N. Kijbunchoo and C. Kim and J. Kim and K. Kim and Nam-Gyu Kim and Namjun Kim and Y.-M. Kim and E. J. King and P. J. King and D. L. Kinzel and J. S. Kissel and L. Kleybolte and S. Klimenko and S. M. Koehlenbeck and K. Kokeyama and S. Koley and V. Kondrashov and A. Kontos and S. Koranda and M. Korobko and W. Z. Korth and I. Kowalska and D. B. Kozak and V. Kringel and B. Krishnan and A. Kr{\'{o}}lak and C. Krueger and G. Kuehn and P. Kumar and R. Kumar and L. Kuo and A. Kutynia and P. Kwee and B. D. Lackey and M. Landry and J. Lange and B. Lantz and P. D. Lasky and A. Lazzarini and C. Lazzaro and P. Leaci and S. Leavey and E. O. Lebigot and C. H. Lee and H. K. Lee and H. M. Lee and K. Lee and A. Lenon and M. Leonardi and J. R. Leong and N. Leroy and N. Letendre and Y. Levin and B. M. Levine and T. G. F. Li and A. Libson and T. B. Littenberg and N. A. Lockerbie and J. Logue and A. L. Lombardi and L. T. London and J. E. Lord and M. Lorenzini and V. Loriette and M. Lormand and G. Losurdo and J. D. Lough and C. O. Lousto and G. Lovelace and H. Lück and A. P. Lundgren and J. Luo and R. Lynch and Y. Ma and T. MacDonald and B. Machenschalk and M. MacInnis and D. M. Macleod and F. Maga{\~{n}}a-Sandoval and R. M. Magee and M. Mageswaran and E. Majorana and I. Maksimovic and V. Malvezzi and N. Man and I. Mandel and V. Mandic and V. Mangano and G. L. Mansell and M. Manske and M. Mantovani and F. Marchesoni and F. Marion and S. M{\'{a}}rka and Z. M{\'{a}}rka and A. S. Markosyan and E. Maros and F. Martelli and L. Martellini and I. W. Martin and R. M. Martin and D. V. Martynov and J. N. Marx and K. Mason and A. Masserot and T. J. Massinger and M. Masso-Reid and F. Matichard and L. Matone and N. Mavalvala and N. Mazumder and G. Mazzolo and R. McCarthy and D. E. McClelland and S. McCormick and S. C. McGuire and G. McIntyre and J. McIver and D. J. McManus and S. T. McWilliams and D. Meacher and G. D. Meadors and J. Meidam and A. Melatos and G. Mendell and D. Mendoza-Gandara and R. A. Mercer and E. Merilh and M. Merzougui and S. Meshkov and C. Messenger and C. Messick and P. M. Meyers and F. Mezzani and H. Miao and C. Michel and H. Middleton and E. E. Mikhailov and L. Milano and J. Miller and M. Millhouse and Y. Minenkov and J. Ming and S. Mirshekari and C. Mishra and S. Mitra and V. P. Mitrofanov and G. Mitselmakher and R. Mittleman and A. Moggi and M. Mohan and S. R. P. Mohapatra and M. Montani and B. C. Moore and C. J. Moore and D. Moraru and G. Moreno and S. R. Morriss and K. Mossavi and B. Mours and C. M. Mow-Lowry and C. L. Mueller and G. Mueller and A. W. Muir and Arunava Mukherjee and D. Mukherjee and S. Mukherjee and N. Mukund and A. Mullavey and J. Munch and D. J. Murphy and P. G. Murray and A. Mytidis and I. Nardecchia and L. Naticchioni and R. K. Nayak and V. Necula and K. Nedkova and G. Nelemans and M. Neri and A. Neunzert and G. Newton and T. T. Nguyen and A. B. Nielsen and S. Nissanke and A. Nitz and F. Nocera and D. Nolting and M. E. N. Normandin and L. K. Nuttall and J. Oberling and E. Ochsner and J. O'Dell and E. Oelker and G. H. Ogin and J. J. Oh and S. H. Oh and F. Ohme and M. Oliver and P. Oppermann and Richard J. Oram and B. O'Reilly and R. O'Shaughnessy and C. D. Ott and D. J. Ottaway and R. S. Ottens and H. Overmier and B. J. Owen and A. Pai and S. A. Pai and J. R. Palamos and O. Palashov and C. Palomba and A. Pal-Singh and H. Pan and Y. Pan and C. Pankow and F. Pannarale and B. C. Pant and F. Paoletti and A. Paoli and M. A. Papa and H. R. Paris and W. Parker and D. Pascucci and A. Pasqualetti and R. Passaquieti and D. Passuello and B. Patricelli and Z. Patrick and B. L. Pearlstone and M. Pedraza and R. Pedurand and L. Pekowsky and A. Pele and S. Penn and A. Perreca and H. P. Pfeiffer and M. Phelps and O. Piccinni and M. Pichot and M. Pickenpack and F. Piergiovanni and V. Pierro and G. Pillant and L. Pinard and I. M. Pinto and M. Pitkin and J. H. Poeld and R. Poggiani and P. Popolizio and A. Post and J. Powell and J. Prasad and V. Predoi and S. S. Premachandra and T. Prestegard and L. R. Price and M. Prijatelj and M. Principe and S. Privitera and R. Prix and G. A. Prodi and L. Prokhorov and O. Puncken and M. Punturo and P. Puppo and M. Pürrer and H. Qi and J. Qin and V. Quetschke and E. A. Quintero and R. Quitzow-James and F. J. Raab and D. S. Rabeling and H. Radkins and P. Raffai and S. Raja and M. Rakhmanov and C. R. Ramet and P. Rapagnani and V. Raymond and M. Razzano and V. Re and J. Read and C. M. Reed and T. Regimbau and L. Rei and S. Reid and D. H. Reitze and H. Rew and S. D. Reyes and F. Ricci and K. Riles and N. A. Robertson and R. Robie and F. Robinet and A. Rocchi and L. Rolland and J. G. Rollins and V. J. Roma and J. D. Romano and R. Romano and G. Romanov and J. H. Romie and D. Rosi{\'{n}}ska and S. Rowan and A. Rüdiger and P. Ruggi and K. Ryan and S. Sachdev and T. Sadecki and L. Sadeghian and L. Salconi and M. Saleem and F. Salemi and A. Samajdar and L. Sammut and L. M. Sampson and E. J. Sanchez and V. Sandberg and B. Sandeen and G. H. Sanders and J. R. Sanders and B. Sassolas and B. S. Sathyaprakash and P. R. Saulson and O. Sauter and R. L. Savage and A. Sawadsky and P. Schale and R. Schilling and J. Schmidt and P. Schmidt and R. Schnabel and R. M. S. Schofield and A. Schönbeck and E. Schreiber and D. Schuette and B. F. Schutz and J. Scott and S. M. Scott and D. Sellers and A. S. Sengupta and D. Sentenac and V. Sequino and A. Sergeev and G. Serna and Y. Setyawati and A. Sevigny and D. A. Shaddock and T. Shaffer and S. Shah and M. S. Shahriar and M. Shaltev and Z. Shao and B. Shapiro and P. Shawhan and A. Sheperd and D. H. Shoemaker and D. M. Shoemaker and K. Siellez and X. Siemens and D. Sigg and A. D. Silva and D. Simakov and A. Singer and L. P. Singer and A. Singh and R. Singh and A. Singhal and A. M. Sintes and B. J. J. Slagmolen and J. R. Smith and M. R. Smith and N. D. Smith and R. J. E. Smith and E. J. Son and B. Sorazu and F. Sorrentino and T. Souradeep and A. K. Srivastava and A. Staley and M. Steinke and J. Steinlechner and S. Steinlechner and D. Steinmeyer and B. C. Stephens and S. P. Stevenson and R. Stone and K. A. Strain and N. Straniero and G. Stratta and N. A. Strauss and S. Strigin and R. Sturani and A. L. Stuver and T. Z. Summerscales and L. Sun and P. J. Sutton and B. L. Swinkels and M. J. Szczepa{\'{n}}czyk and M. Tacca and D. Talukder and D. B. Tanner and M. T{\'{a}}pai and S. P. Tarabrin and A. Taracchini and R. Taylor and T. Theeg and M. P. Thirugnanasambandam and E. G. Thomas and M. Thomas and P. Thomas and K. A. Thorne and K. S. Thorne and E. Thrane and S. Tiwari and V. Tiwari and K. V. Tokmakov and C. Tomlinson and M. Tonelli and C. V. Torres and C. I. Torrie and D. Töyrä and F. Travasso and G. Traylor and D. Trifir{\`{o}} and M. C. Tringali and L. Trozzo and M. Tse and M. Turconi and D. Tuyenbayev and D. Ugolini and C. S. Unnikrishnan and A. L. Urban and S. A. Usman and H. Vahlbruch and G. Vajente and G. Valdes and M. Vallisneri and N. van Bakel and M. van Beuzekom and J. F. J. van den Brand and C. Van Den Broeck and D. C. Vander-Hyde and L. van der Schaaf and J. V. van Heijningen and A. A. van Veggel and M. Vardaro and S. Vass and M. Vas{\'{u}}th and R. Vaulin and A. Vecchio and G. Vedovato and J. Veitch and P. J. Veitch and K. Venkateswara and D. Verkindt and F. Vetrano and A. Vicer{\'{e}} and S. Vinciguerra and D. J. Vine and J.-Y. Vinet and S. Vitale and T. Vo and H. Vocca and C. Vorvick and D. Voss and W. D. Vousden and S. P. Vyatchanin and A. R. Wade and L. E. Wade and M. Wade and S. J. Waldman and M. Walker and L. Wallace and S. Walsh and G. Wang and H. Wang and M. Wang and X. Wang and Y. Wang and H. Ward and R. L. Ward and J. Warner and M. Was and B. Weaver and L.-W. Wei and M. Weinert and A. J. Weinstein and R. Weiss and T. Welborn and L. Wen and P. We{\ss}els and T. Westphal and K. Wette and J. T. Whelan and S. E. Whitcomb and D. J. White and B. F. Whiting and K. Wiesner and C. Wilkinson and P. A. Willems and L. Williams and R. D. Williams and A. R. Williamson and J. L. Willis and B. Willke and M. H. Wimmer and L. Winkelmann and W. Winkler and C. C. Wipf and A. G. Wiseman and H. Wittel and G. Woan and J. Worden and J. L. Wright and G. Wu and J. Yablon and I. Yakushin and W. Yam and H. Yamamoto and C. C. Yancey and M. J. Yap and H. Yu and M. Yvert and A. Zadro{\.{z}}ny and L. Zangrando and M. Zanolin and J.-P. Zendri and M. Zevin and F. Zhang and L. Zhang and M. Zhang and Y. Zhang and C. Zhao and M. Zhou and Z. Zhou and X. J. Zhu and M. E. Zucker and S. E. Zuraw and J. Zweizig},
  title        = {{Observation of Gravitational Waves from a Binary Black Hole Merger}},
  journal      = {Physical Review Letters},
  year         = {2016},
  volume       = {116},
  number       = {6},
  pages        = {061102},
  month        = feb,
  doi          = {10.1103/physrevlett.116.061102},
  eid          = {061102},
  eprint       = {1602.03837},
  primaryclass = {gr-qc},
  publisher    = {American Physical Society ({APS})},
  url          = {http://dx.doi.org/10.1103/physrevlett.116.061102},
  url           = {http://dx.doi.org/10.1103/PhysRevLett.116.061102},
}

@Article{Abbott_2008,
  author    = {B Abbott and R Abbott and R Adhikari and P Ajith and B Allen and G Allen and R Amin and S B Anderson and W G Anderson and M A Arain and M Araya and H Armandula and P Armor and Y Aso and S Aston and P Aufmuth and C Aulbert and S Babak and S Ballmer and H Bantilan and B C Barish and C Barker and D Barker and B Barr and P Barriga and M A Barton and I Bartos and M Bastarrika and K Bayer and J Betzwieser and P T Beyersdorf and I A Bilenko and G Billingsley and R Biswas and E Black and K Blackburn and L Blackburn and D Blair and B Bland and T P Bodiya and L Bogue and R Bork and V Boschi and S Bose and P R Brady and V B Braginsky and J E Brau and M Brinkmann and A Brooks and D A Brown and G Brunet and A Bullington and A Buonanno and O Burmeister and R L Byer and L Cadonati and G Cagnoli and J B Camp and J Cannizzo and K Cannon and J Cao and L Cardenas and T Casebolt and G Castaldi and C Cepeda and E Chalkley and P Charlton and S Chatterji and S Chelkowski and Y Chen and N Christensen and D Clark and J Clark and T Cokelaer and R Conte and D Cook and T Corbitt and D Coyne and J D E Creighton and A Cumming and L Cunningham and R M Cutler and J Dalrymple and K Danzmann and G Davies and D DeBra and J Degallaix and M Degree and V Dergachev and S Desai and R DeSalvo and S Dhurandhar and M D{\'{\i}}az and J Dickson and A Di Credico and A Dietz and F Donovan and K L Dooley and E E Doomes and R W P Drever and I Duke and J-C Dumas and R J Dupuis and J G Dwyer and C Echols and A Effler and P Ehrens and E Espinoza and T Etzel and T Evans and S Fairhurst and Y Fan and D Fazi and H Fehrmann and M M Fejer and L S Finn and K Flasch and N Fotopoulos and A Freise and R Frey and T Fricke and P Fritschel and V V Frolov and M Fyffe and J Garofoli and I Gholami and J A Giaime and S Giampanis and K D Giardina and K Goda and E Goetz and L Goggin and G Gonz{\'{a}}lez and S Gossler and R Gouaty and A Grant and S Gras and C Gray and M Gray and R J S Greenhalgh and A M Gretarsson and F Grimaldi and R Grosso and H Grote and S Grunewald and M Guenther and E K Gustafson and R Gustafson and B Hage and J M Hallam and D Hammer and C Hanna and J Hanson and J Harms and G Harry and E Harstad and K Hayama and T Hayler and J Heefner and I S Heng and M Hennessy and A Heptonstall and M Hewitson and S Hild and E Hirose and D Hoak and D Hosken and J Hough and B Hughey and S H Huttner and D Ingram and M Ito and A Ivanov and B Johnson and W W Johnson and D I Jones and G Jones and R Jones and L Ju and P Kalmus and V Kalogera and S Kamat and J Kanner and D Kasprzyk and E Katsavounidis and K Kawabe and S Kawamura and F Kawazoe and W Kells and D G Keppel and F Ya Khalili and R Khan and E Khazanov and C Kim and P King and J S Kissel and S Klimenko and K Kokeyama and V Kondrashov and R K Kopparapu and D Kozak and I Kozhevatov and B Krishnan and P Kwee and P K Lam and M Landry and M M Lang and B Lantz and A Lazzarini and M Lei and N Leindecker and V Leonhardt and I Leonor and K Libbrecht and H Lin and P Lindquist and N A Lockerbie and D Lodhia and M Lormand and P Lu and M Lubinski and A Lucianetti and H Lück and B Machenschalk and M MacInnis and M Mageswaran and K Mailand and V Mandic and S M{\'{a}}rka and Z M{\'{a}}rka and A Markosyan and J Markowitz and E Maros and I Martin and R M Martin and J N Marx and K Mason and F Matichard and L Matone and R Matzner and N Mavalvala and R McCarthy and D E McClelland and S C McGuire and M McHugh and G McIntyre and G McIvor and D McKechan and K McKenzie and T Meier and A Melissinos and G Mendell and R A Mercer and S Meshkov and C J Messenger and D Meyers and J Miller and J Minelli and S Mitra and V P Mitrofanov and G Mitselmakher and R Mittleman and O Miyakawa and B Moe and S Mohanty and G Moreno and K Mossavi and C MowLowry and G Mueller and S Mukherjee and H Mukhopadhyay and H Müller-Ebhardt and J Munch and P Murray and E Myers and J Myers and T Nash and J Nelson and G Newton and A Nishizawa and K Numata and J O'Dell and G Ogin and B O'Reilly and R O'Shaughnessy and D J Ottaway and R S Ottens and H Overmier and B J Owen and Y Pan and C Pankow and M A Papa and V Parameshwaraiah and P Patel and M Pedraza and S Penn and A Perreca and T Petrie and I M Pinto and M Pitkin and H J Pletsch and M V Plissi and F Postiglione and M Principe and R Prix and V Quetschke and F Raab and D S Rabeling and H Radkins and N Rainer and M Rakhmanov and M Ramsunder and H Rehbein and S Reid and D H Reitze and R Riesen and K Riles and B Rivera and N A Robertson and C Robinson and E L Robinson and S Roddy and A Rodriguez and A M Rogan and J Rollins and J D Romano and J Romie and R Route and S Rowan and A Rüdiger and L Ruet and P Russell and K Ryan and S Sakata and M Samidi and L Sancho de la Jordana and V Sandberg and V Sannibale and S Saraf and P Sarin and B S Sathyaprakash and S Sato and P R Saulson and R Savage and P Savov and S W Schediwy and R Schilling and R Schnabel and R Schofield and B F Schutz and P Schwinberg and S M Scott and A C Searle and B Sears and F Seifert and D Sellers and A S Sengupta and P Shawhan and D H Shoemaker and A Sibley and X Siemens and D Sigg and S Sinha and A M Sintes and B J J Slagmolen and J Slutsky and J R Smith and M R Smith and N D Smith and K Somiya and B Sorazu and L C Stein and A Stochino and R Stone and K A Strain and D M Strom and A Stuver and T Z Summerscales and K-X Sun and M Sung and P J Sutton and H Takahashi and D B Tanner and R Taylor and R Taylor and J Thacker and K A Thorne and K S Thorne and A Thüring and M Tinto and K V Tokmakov and C Torres and C Torrie and G Traylor and M Trias and W Tyler and D Ugolini and J Ulmen and K Urbanek and H Vahlbruch and C Van Den Broeck and M van der Sluys and S Vass and R Vaulin and A Vecchio and J Veitch and P Veitch and A Villar and C Vorvick and S P Vyachanin and S J Waldman and L Wallace and H Ward and R Ward and M Weinert and A Weinstein and R Weiss and S Wen and K Wette and J T Whelan and S E Whitcomb and B F Whiting and C Wilkinson and P A Willems and H R Williams and L Williams and B Willke and I Wilmut and W Winkler and C C Wipf and A G Wiseman and G Woan and R Wooley and J Worden and W Wu and I Yakushin and H Yamamoto and Z Yan and S Yoshida and M Zanolin and J Zhang and L Zhang and C Zhao and N Zotov and M Zucker and J Zweizig},
  title     = {First joint search for gravitational-wave bursts in {LIGO} and {GEO} 600 data},
  journal   = {Classical and Quantum Gravity},
  year      = {2008},
  volume    = {25},
  number    = {24},
  pages     = {245008},
  month     = {nov},
  doi       = {10.1088/0264-9381/25/24/245008},
  groups    = {Science Runs},
  publisher = {{IOP} Publishing},
  url       = {http://dx.doi.org/10.1088/0264-9381/25/24/245008},
}

@Article{Abbott_2006,
  author    = {B Abbott and R Abbott and R Adhikari and J Agresti and P Ajith and B Allen and J Allen and R Amin and S B Anderson and W G Anderson and M Araya and H Armandula and M Ashley and C Aulbert and S Babak and R Balasubramanian and S Ballmer and H Bantilan and B C Barish and C Barker and D Barker and M A Barton and K Bayer and K Belczynski and J Betzwieser and B Bhawal and I A Bilenko and G Billingsley and E Black and K Blackburn and L Blackburn and B Bland and L Bogue and R Bork and S Bose and P R Brady and V B Braginsky and J E Brau and D A Brown and A Buonanno and D Busby and W E Butler and L Cadonati and G Cagnoli and J B Camp and J Cannizzo and K Cannon and J Cao and L Cardenas and K Carter and M M Casey and P Charlton and S Chatterji and Y Chen and D Chin and N Christensen and T Cokelaer and C N Colacino and R Coldwell and D Cook and T Corbitt and D Coyne and J D E Creighton and T D Creighton and J Dalrymple and E D'Ambrosio and K Danzmann and G Davies and D DeBra and V Dergachev and S Desai and R DeSalvo and S Dhurandar and M D{\'{\i}}az and A Di Credico and R W P Drever and R J Dupuis and P Ehrens and T Etzel and M Evans and T Evans and S Fairhurst and L S Finn and K Y Franzen and R E Frey and P Fritschel and V V Frolov and M Fyffe and K S Ganezer and J Garofoli and I Gholami and J A Giaime and K Goda and L Goggin and G Gonz{\'{a}}lez and C Gray and A M Gretarsson and D Grimmett and H Grote and S Grunewald and M Guenther and R Gustafson and W O Hamilton and C Hanna and J Hanson and C Hardham and G Harry and J Heefner and I S Heng and M Hewitson and N Hindman and P Hoang and J Hough and W Hua and M Ito and Y Itoh and A Ivanov and B Johnson and W W Johnson and D I Jones and G Jones and L Jones and V Kalogera and E Katsavounidis and K Kawabe and S Kawamura and W Kells and A Khan and C Kim and P King and S Klimenko and S Koranda and D Kozak and B Krishnan and M Landry and B Lantz and A Lazzarini and M Lei and I Leonor and K Libbrecht and P Lindquist and S Liu and M Lormand and M Lubinski and H Lück and M Luna and B Machenschalk and M MacInnis and M Mageswaran and K Mailand and M Malec and V Mandic and S M{\'{a}}rka and E Maros and K Mason and L Matone and N Mavalvala and R McCarthy and D E McClelland and M McHugh and J W C McNabb and A Melissinos and G Mendell and R A Mercer and S Meshkov and E Messaritaki and C Messenger and E Mikhailov and S Mitra and V P Mitrofanov and G Mitselmakher and R Mittleman and O Miyakawa and S Mohanty and G Moreno and K Mossavi and G Mueller and S Mukherjee and E Myers and J Myers and T Nash and F Nocera and J S Noel and B O'Reilly and R O'Shaughnessy and D J Ottaway and H Overmier and B J Owen and Y Pan and M A Papa and V Parameshwaraiah and C Parameswariah and M Pedraza and S Penn and M Pitkin and R Prix and V Quetschke and F Raab and H Radkins and R Rahkola and M Rakhmanov and K Rawlins and S Ray-Majumder and V Re and T Regimbau and D H Reitze and R Riesen and K Riles and B Rivera and D I Robertson and N A Robertson and C Robinson and S Roddy and A Rodriguez and J Rollins and J D Romano and J Romie and S Rowan and A Rüdiger and L Ruet and P Russell and K Ryan and V Sandberg and G H Sanders and V Sannibale and P Sarin and B S Sathyaprakash and P R Saulson and R Savage and A Sazonov and R Schilling and R Schofield and B F Schutz and P Schwinberg and S M Scott and S E Seader and A C Searle and B Sears and D Sellers and A S Sengupta and P Shawhan and D H Shoemaker and A Sibley and X Siemens and D Sigg and A M Sintes and J Smith and M R Smith and O Spjeld and K A Strain and D M Strom and A Stuver and T Summerscales and M Sung and P J Sutton},
  title     = {Search for gravitational-wave bursts in {LIGO}'s third science run},
  journal   = {Classical and Quantum Gravity},
  year      = {2006},
  volume    = {23},
  number    = {8},
  pages     = {S29--S39},
  month     = {mar},
  doi       = {10.1088/0264-9381/23/8/s05},
  groups    = {Science Runs},
  publisher = {{IOP} Publishing},
  url       = {http://dx.doi.org/10.1088/0264-9381/23/8/S05},
}

@Article{Abbott_2004,
  author   = {B. Abbott and R. Abbott and R. Adhikari and A. Ageev and B. Allen and R. Amin and S.B. Anderson and W.G. Anderson and M. Araya and H. Armandula and F. Asiri and P. Aufmuth and C. Aulbert and S. Babak and R. Balasubramanian and S. Ballmer and B.C. Barish and D. Barker and C. Barker-Patton and M. Barnes and B. Barr and M.A. Barton and K. Bayer and R. Beausoleil and K. Belczynski and R. Bennett and S.J. Berukoff and J. Betzwieser and B. Bhawal and I.A. Bilenko and G. Billingsley and E. Black and K. Blackburn and B. Bland-Weaver and B. Bochner and L. Bogue and R. Bork and S. Bose and P.R. Brady and V.B. Braginsky and J.E. Brau and D.A. Brown and S. Brozek and A. Bullington and A. Buonanno and R. Burgess and D. Busby and W.E. Butler and R.L. Byer and L. Cadonati and G. Cagnoli and J.B. Camp and C.A. Cantley and L. Cardenas and K. Carter and M.M. Casey and J. Castiglione and A. Chandler and J. Chapsky and P. Charlton and S. Chatterji and Y. Chen and V. Chickarmane and D. Chin and N. Christensen and D. Churches and C. Colacino and R. Coldwell and M. Coles and D. Cook and T. Corbitt and D. Coyne and J.D.E. Creighton and T.D. Creighton and D.R.M. Crooks and P. Csatorday and B.J. Cusack and C. Cutler and E. D'Ambrosio and K. Danzmann and R. Davies and E. Daw and D. DeBra and T. Delker and R. DeSalvo and S. Dhurandar and M. Dı́az and H. Ding and R.W.P. Drever and R.J. Dupuis and C. Ebeling and J. Edlund and P. Ehrens and E.J. Elliffe and T. Etzel and M. Evans and T. Evans and C. Fallnich and D. Farnham and M.M. Fejer and M. Fine and L.S. Finn and É. Flanagan and A. Freise and R. Frey and P. Fritschel and V. Frolov and M. Fyffe and K.S. Ganezer and J.A. Giaime and A. Gillespie and K. Goda and G. González and S. Goßler and P. Grandclément and A. Grant and C. Gray and A.M. Gretarsson and D. Grimmett and H. Grote and S. Grunewald and M. Guenther and E. Gustafson and R. Gustafson and W.O. Hamilton and M. Hammond and J. Hanson and C. Hardham and G. Harry and A. Hartunian and J. Heefner and Y. Hefetz and G. Heinzel and I.S. Heng and M. Hennessy and N. Hepler and A. Heptonstall and M. Heurs and M. Hewitson and N. Hindman and P. Hoang and J. Hough and M. Hrynevych and W. Hua and R. Ingley and M. Ito and Y. Itoh and A. Ivanov and O. Jennrich and W.W. Johnson and W. Johnston and L. Jones and D. Jungwirth and V. Kalogera and E. Katsavounidis and K. Kawabe and S. Kawamura and W. Kells and J. Kern and A. Khan and S. Killbourn and C.J. Killow and C. Kim and C. King and P. King and S. Klimenko and P. Kloevekorn and S. Koranda and K. Kötter and J. Kovalik and D. Kozak and B. Krishnan and M. Landry and J. Langdale and B. Lantz and R. Lawrence and A. Lazzarini and M. Lei and V. Leonhardt and I. Leonor and K. Libbrecht and P. Lindquist and S. Liu and J. Logan and M. Lormand and M. Lubinski and H. Lück and T.T. Lyons and B. Machenschalk and M. MacInnis and M. Mageswaran and K. Mailand and W. Majid and M. Malec and F. Mann and A. Marin and S. Márka and E. Maros and J. Mason and K. Mason and O. Matherny and L. Matone and N. Mavalvala and R. McCarthy and D.E. McClelland and M. McHugh and P. McNamara and G. Mendell and S. Meshkov and C. Messenger and V.P. Mitrofanov and G. Mitselmakher and R. Mittleman and O. Miyakawa and S. Miyoki and S. Mohanty and G. Moreno and K. Mossavi and B. Mours and G. Mueller and S. Mukherjee and J. Myers and S. Nagano and T. Nash and H. Naundorf and R. Nayak and G. Newton and F. Nocera and P. Nutzman and T. Olson and B. O'Reilly and D. J. Ottaway and A. Ottewill and D. Ouimette and H. Overmier and B.J. Owen and M.A. Papa and C. Parameswariah and V. Parameswariah and M. Pedraza and S. Penn and M. Pitkin and M. Plissi and M. Pratt and V. Quetschke and F. Raab and H. Radkins and R. Rahkola and M. Rakhmanov and S.R. Rao and D. Redding and M.W. Regehr and T. Regimbau and K.T. Reilly and K. Reithmaier and D.H. Reitze and S. Richman and R. Riesen and K. Riles and A. Rizzi and D.I. Robertson and N.A. Robertson and L. Robison and S. Roddy and J. Rollins and J.D. Romano and J. Romie and H. Rong and D. Rose and E. Rotthoff and S. Rowan and A. Rüdiger and P. Russell and K. Ryan and I. Salzman and G.H. Sanders and V. Sannibale and B. Sathyaprakash and P.R. Saulson and R. Savage and A. Sazonov and R. Schilling and K. Schlaufman and V. Schmidt and R. Schofield and M. Schrempel and B.F. Schutz and P. Schwinberg and S.M. Scott and A.C. Searle and B. Sears and S. Seel and A.S. Sengupta and C.A. Shapiro and P. Shawhan and D.H. Shoemaker and Q.Z. Shu and A. Sibley and X. Siemens and L. Sievers and D. Sigg and A.M. Sintes and K. Skeldon and J.R. Smith and M. Smith and M.R. Smith and P. Sneddon and R. Spero and G. Stapfer and K.A. Strain and D. Strom and A. Stuver and T. Summerscales and M.C. Sumner and P.J. Sutton and J. Sylvestre and A. Takamori and D.B. Tanner and H. Tariq and I. Taylor and R. Taylor and K.S. Thorne and M. Tibbits and S. Tilav and M. Tinto and K.V. Tokmakov and C. Torres and C. Torrie and S. Traeger and G. Traylor and W. Tyler and D. Ugolini and M. Vallisneri and M. van Putten and S. Vass and A. Vecchio and C. Vorvick and S.P. Vyatchanin and L. Wallace and H. Walther and H. Ward and B. Ware and K. Watts and D. Webber and A. Weidner and U. Weiland and A. Weinstein and R. Weiss and H. Welling and L. Wen and S. Wen and J.T. Whelan and S.E. Whitcomb and B.F. Whiting and P.A. Willems and P.R. Williams and R. Williams and B. Willke and A. Wilson and B.J. Winjum and W. Winkler and S. Wise and A.G. Wiseman and G. Woan and R. Wooley and J. Worden and I. Yakushin and H. Yamamoto and S. Yoshida and I. Zawischa and L. Zhang and N. Zotov and M. Zucker and J. Zweizig},
  title    = {Detector description and performance for the first coincidence observations between {LIGO} and {GEO}},
  journal  = {Nuclear Instruments and Methods in Physics Research Section A: Accelerators, Spectrometers, Detectors and Associated Equipment},
  year     = {2004},
  volume   = {517},
  number   = {1–3},
  pages    = {154 - 179},
  abstract = {For 17 days in August and September 2002, the \{LIGO\} and \{GEO\} interferometer gravitational wave detectors were operated in coincidence to produce their first data for scientific analysis. Although the detectors were still far from their design sensitivity levels, the data can be used to place better upper limits on the flux of gravitational waves incident on the earth than previous direct measurements. This paper describes the instruments and the data in some detail, as a companion to analysis papers based on the first data. },
  doi      = {http://dx.doi.org/10.1016/j.nima.2003.11.124},
  groups   = {iLIGO, GEO, Science Runs},
  issn     = {0168-9002},
  keywords = {LIGO, Gravitational wave, Interferometer, Observatory },
  url      = {http://www.sciencedirect.com/science/article/pii/S0168900203028675},
}

@Article{Abbott_2005,
  author    = {B. Abbott and R. Abbott and R. Adhikari and A. Ageev and J. Agresti and P. Ajith and B. Allen and J. Allen and R. Amin and S. B. Anderson and W. G. Anderson and M. Araya and H. Armandula and M. Ashley and F. Asiri and P. Aufmuth and C. Aulbert and S. Babak and R. Balasubramanian and S. Ballmer and B. C. Barish and C. Barker and D. Barker and M. Barnes and B. Barr and M. A. Barton and K. Bayer and R. Beausoleil and K. Belczynski and R. Bennett and S. J. Berukoff and J. Betzwieser and B. Bhawal and I. A. Bilenko and G. Billingsley and E. Black and K. Blackburn and L. Blackburn and B. Bland and B. Bochner and L. Bogue and R. Bork and S. Bose and P. R. Brady and V. B. Braginsky and J. E. Brau and D. A. Brown and A. Bullington and A. Bunkowski and A. Buonanno and R. Burgess and D. Busby and W. E. Butler and R. L. Byer and L. Cadonati and G. Cagnoli and J. B. Camp and J. Cannizzo and K. Cannon and C. A. Cantley and J. Cao and L. Cardenas and K. Carter and M. M. Casey and J. Castiglione and A. Chandler and J. Chapsky and P. Charlton and S. Chatterji and S. Chelkowski and Y. Chen and V. Chickarmane and D. Chin and N. Christensen and D. Churches and T. Cokelaer and C. Colacino and R. Coldwell and M. Coles and D. Cook and T. Corbitt and D. Coyne and J. D. E. Creighton and T. D. Creighton and D. R. M. Crooks and P. Csatorday and B. J. Cusack and C. Cutler and J. Dalrymple and E. D'Ambrosio and K. Danzmann and G. Davies and E. Daw and D. DeBra and T. Delker and V. Dergachev and S. Desai and R. DeSalvo and S. Dhurandhar and A. Di Credico and M. D{\'{\i}}az and H. Ding and R. W. P. Drever and R. J. Dupuis and J. A. Edlund and P. Ehrens and E. J. Elliffe and T. Etzel and M. Evans and T. Evans and S. Fairhurst and C. Fallnich and D. Farnham and M. M. Fejer and T. Findley and M. Fine and L. S. Finn and K. Y. Franzen and A. Freise and R. Frey and P. Fritschel and V. V. Frolov and M. Fyffe and K. S. Ganezer and J. Garofoli and J. A. Giaime and A. Gillespie and K. Goda and L. Goggin and G. Gonz{\'{a}}lez and S. Go{\ss}ler and P. Grandcl{\'{e}}ment and A. Grant and C. Gray and A. M. Gretarsson and D. Grimmett and H. Grote and S. Grunewald and M. Guenther and E. Gustafson and R. Gustafson and W. O. Hamilton and M. Hammond and C. Hanna and J. Hanson and C. Hardham and J. Harms and G. Harry and A. Hartunian and J. Heefner and Y. Hefetz and G. Heinzel and I. S. Heng and M. Hennessy and N. Hepler and A. Heptonstall and M. Heurs and M. Hewitson and S. Hild and N. Hindman and P. Hoang and J. Hough and M. Hrynevych and W. Hua and M. Ito and Y. Itoh and A. Ivanov and O. Jennrich and B. Johnson and W. W. Johnson and W. R. Johnston and D. I. Jones and G. Jones and L. Jones and D. Jungwirth and V. Kalogera and E. Katsavounidis and K. Kawabe and W. Kells and J. Kern and A. Khan and S. Killbourn and C. J. Killow and C. Kim and C. King and P. King and S. Klimenko and S. Koranda and K. Kötter and J. Kovalik and D. Kozak and B. Krishnan and M. Landry and J. Langdale and B. Lantz and R. Lawrence and A. Lazzarini and M. Lei and I. Leonor and K. Libbrecht and A. Libson and P. Lindquist and S. Liu and J. Logan and M. Lormand and M. Lubinski and H. Lück and M. Luna and T. T. Lyons and B. Machenschalk and M. MacInnis and M. Mageswaran and K. Mailand and W. Majid and M. Malec and V. Mandic and F. Mann and A. Marin and S. M{\'{a}}rka and E. Maros and J. Mason and K. Mason and O. Matherny and L. Matone and N. Mavalvala and R. McCarthy and D. E. McClelland and M. McHugh and J. W. C. McNabb and A. Melissinos and G. Mendell and R. A. Mercer and S. Meshkov and E. Messaritaki and C. Messenger and E. Mikhailov and S. Mitra and V. P. Mitrofanov and G. Mitselmakher and R. Mittleman and O. Miyakawa and S. Mohanty and G. Moreno and K. Mossavi and G. Mueller and S. Mukherjee and P. Murray and E. Myers and J. Myers and S. Nagano and T. Nash and R. Nayak and G. Newton and F. Nocera and J. S. Noel and P. Nutzman and T. Olson and B. O'Reilly and D. J. Ottaway and A. Ottewill and D. Ouimette and H. Overmier and B. J. Owen and Y. Pan and M. A. Papa and V. Parameshwaraiah and C. Parameswariah and M. Pedraza and S. Penn and M. Pitkin and M. Plissi and R. Prix and V. Quetschke and F. Raab and H. Radkins and R. Rahkola and M. Rakhmanov and S. R. Rao and K. Rawlins and S. Ray-Majumder and V. Re and D. Redding and M. W. Regehr and T. Regimbau and S. Reid and K. T. Reilly and K. Reithmaier and D. H. Reitze and S. Richman and R. Riesen and K. Riles and B. Rivera and A. Rizzi and D. I. Robertson and N. A. Robertson and C. Robinson and L. Robison and S. Roddy and A. Rodriguez and J. Rollins and J. D. Romano and J. Romie and H. Rong and D. Rose and E. Rotthoff and S. Rowan and A. Rüdiger and L. Ruet and P. Russell and K. Ryan and I. Salzman and V. Sandberg and G. H. Sanders and V. Sannibale and P. Sarin and B. Sathyaprakash and P. R. Saulson and R. Savage and A. Sazonov and R. Schilling and K. Schlaufman and V. Schmidt and R. Schnabel and R. Schofield and B. F. Schutz and P. Schwinberg and S. M. Scott and S. E. Seader and A. C. Searle and B. Sears and S. Seel and F. Seifert and D. Sellers and A. S. Sengupta and C. A. Shapiro and P. Shawhan and D. H. Shoemaker and Q. Z. Shu and A. Sibley and X. Siemens and L. Sievers and D. Sigg and A. M. Sintes and J. R. Smith and M. Smith and M. R. Smith and P. H. Sneddon and R. Spero and O. Spjeld and G. Stapfer and D. Steussy and K. A. Strain and D. Strom and A. Stuver and T. Summerscales and M. C. Sumner and M. Sung and P. J. Sutton and J. Sylvestre and D. B. Tanner and H. Tariq and M. Tarallo and I. Taylor and R. Taylor and R. Taylor and K. A. Thorne and K. S. Thorne and M. Tibbits and S. Tilav and M. Tinto and K. V. Tokmakov and C. Torres and C. Torrie and G. Traylor and W. Tyler and D. Ugolini and C. Ungarelli and M. Vallisneri and M. van Putten and S. Vass and A. Vecchio and J. Veitch and C. Vorvick and S. P. Vyachanin and L. Wallace and H. Walther and H. Ward and R. Ward and B. Ware and K. Watts and D. Webber and A. Weidner and U. Weiland and A. Weinstein and R. Weiss and H. Welling and L. Wen and S. Wen and K. Wette and J. T. Whelan and S. E. Whitcomb and B. F. Whiting and S. Wiley and C. Wilkinson and P. A. Willems and P. R. Williams and R. Williams and B. Willke and A. Wilson and B. J. Winjum and W. Winkler and S. Wise and A. G. Wiseman and G. Woan and D. Woods and R. Wooley and J. Worden and W. Wu and I. Yakushin and H. Yamamoto and S. Yoshida and K. D. Zaleski and M. Zanolin and I. Zawischa and L. Zhang and R. Zhu and N. Zotov and M. Zucker and J. Zweizig and T. Akutsu and T. Akutsu and M. Ando and K. Arai and A. Araya and H. Asada and Y. Aso and P. Beyersdorf and Y. Fujiki and M.-K. Fujimoto and R. Fujita and M. Fukushima and T. Futamase and Y. Hamuro and T. Haruyama and K. Hayama and H. Iguchi and Y. Iida and K. Ioka and H. Ishizuka and N. Kamikubota and N. Kanda and T. Kaneyama and Y. Karasawa and K. Kasahara and T. Kasai and M. Katsuki and S. Kawamura and M. Kawamura and F. Kawazoe and Y. Kojima and K. Kokeyama and K. Kondo and Y. Kozai and H. Kudoh and K. Kuroda and T. Kuwabara and N. Matsuda and N. Mio and K. Miura and S. Miyama and S. Miyoki and H. Mizusawa and S. Moriwaki and M. Musha and Y. Nagayama and K. Nakagawa and T. Nakamura and H. Nakano and K. Nakao and Y. Nishi and K. Numata and Y. Ogawa and M. Ohashi and N. Ohishi and A. Okutomi and K. Oohara and S. Otsuka and Y. Saito and S. Sakata and M. Sasaki and N. Sato and S. Sato and Y. Sato and K. Sato and A. Sekido and N. Seto and M. Shibata and H. Shinkai and T. Shintomi and K. Soida and K. Somiya and T. Suzuki and H. Tagoshi and H. Takahashi and R. Takahashi and A. Takamori and S. Takemoto and K. Takeno and T. Tanaka and K. Taniguchi and T. Tanji and D. Tatsumi and S. Telada and M. Tokunari and T. Tomaru and K. Tsubono and N. Tsuda and Y. Tsunesada and T. Uchiyama and K. Ueda and A. Ueda and K. Waseda and A. Yamamoto and K. Yamamoto and T. Yamazaki and Y. Yanagi and J. Yokoyama and T. Yoshida and Z.-H. Zhu},
  title     = {Upper limits from the {LIGO} and {TAMA} detectors on the rate of gravitational-wave bursts},
  journal   = {Physical Review D},
  year      = {2005},
  volume    = {72},
  number    = {12},
  month     = {dec},
  doi       = {10.1103/physrevd.72.122004},
  groups    = {TAMA, Science Runs},
  publisher = {American Physical Society ({APS})},
  url       = {http://dx.doi.org/10.1103/PhysRevD.72.122004},
}

@Article{Abadie_2010,
  author    = {J. Abadie and B. P. Abbott and R. Abbott and T. Accadia and F. Acernese and R. Adhikari and P. Ajith and B. Allen and G. Allen and E. Amador Ceron and R. S. Amin and S. B. Anderson and W. G. Anderson and F. Antonucci and M. A. Arain and M. Araya and K. G. Arun and Y. Aso and S. Aston and P. Astone and P. Aufmuth and C. Aulbert and S. Babak and P. Baker and G. Ballardin and S. Ballmer and D. Barker and F. Barone and B. Barr and P. Barriga and L. Barsotti and M. Barsuglia and M. A. Barton and I. Bartos and R. Bassiri and M. Bastarrika and Th. S. Bauer and B. Behnke and M. G. Beker and A. Belletoile and M. Benacquista and J. Betzwieser and P. T. Beyersdorf and S. Bigotta and I. A. Bilenko and G. Billingsley and S. Birindelli and R. Biswas and M. A. Bizouard and E. Black and J. K. Blackburn and L. Blackburn and D. Blair and B. Bland and M. Blom and C. Boccara and O. Bock and T. P. Bodiya and R. Bondarescu and F. Bondu and L. Bonelli and R. Bonnand and R. Bork and M. Born and S. Bose and L. Bosi and B. Bouhou and S. Braccini and C. Bradaschia and P. R. Brady and V. B. Braginsky and J. E. Brau and J. Breyer and D. O. Bridges and A. Brillet and M. Brinkmann and V. Brisson and M. Britzger and A. F. Brooks and D. A. Brown and R. Budzy{\'{n}}ski and T. Bulik and A. Bullington and H. J. Bulten and A. Buonanno and O. Burmeister and D. Buskulic and C. Buy and R. L. Byer and L. Cadonati and G. Cagnoli and J. Cain and E. Calloni and J. B. Camp and E. Campagna and J. Cannizzo and K. C. Cannon and B. Canuel and J. Cao and C. D. Capano and F. Carbognani and L. Cardenas and S. Caudill and M. Cavagli{\`{a}} and F. Cavalier and R. Cavalieri and G. Cella and C. Cepeda and E. Cesarini and T. Chalermsongsak and E. Chalkley and P. Charlton and E. Chassande-Mottin and S. Chatterji and S. Chelkowski and Y. Chen and A. Chincarini and N. Christensen and S. S. Y. Chua and C. T. Y. Chung and D. Clark and J. Clark and J. H. Clayton and F. Cleva and E. Coccia and C. N. Colacino and J. Colas and A. Colla and M. Colombini and R. Conte and D. Cook and T. R. C. Corbitt and N. Cornish and A. Corsi and J.-P. Coulon and D. Coward and D. C. Coyne and J. D. E. Creighton and T. D. Creighton and A. M. Cruise and R. M. Culter and A. Cumming and L. Cunningham and E. Cuoco and K. Dahl and S. L. Danilishin and S. D'Antonio and K. Danzmann and V. Dattilo and B. Daudert and M. Davier and G. Davies and E. J. Daw and R. Day and T. Dayanga and R. De Rosa and D. DeBra and J. Degallaix and M. del Prete and V. Dergachev and R. DeSalvo and S. Dhurandhar and L. Di Fiore and A. Di Lieto and M. Di Paolo Emilio and A. Di Virgilio and M. D{\'{\i}}az and A. Dietz and F. Donovan and K. L. Dooley and E. E. Doomes and M. Drago and R. W. P. Drever and J. Driggers and J. Dueck and I. Duke and J.-C. Dumas and S. Dwyer and M. Edgar and M. Edwards and A. Effler and P. Ehrens and T. Etzel and M. Evans and T. Evans and V. Fafone and S. Fairhurst and Y. Faltas and Y. Fan and D. Fazi and H. Fehrmann and I. Ferrante and F. Fidecaro and L. S. Finn and I. Fiori and R. Flaminio and K. Flasch and S. Foley and C. Forrest and N. Fotopoulos and J.-D. Fournier and J. Franc and S. Frasca and F. Frasconi and M. Frede and M. Frei and Z. Frei and A. Freise and R. Frey and T. T. Fricke and D. Friedrich and P. Fritschel and V. V. Frolov and P. Fulda and M. Fyffe and M. Galimberti and L. Gammaitoni and J. A. Garofoli and F. Garufi and G. Gemme and E. Genin and A. Gennai and S. Ghosh and J. A. Giaime and S. Giampanis and K. D. Giardina and A. Giazotto and E. Goetz and L. M. Goggin and G. Gonz{\'{a}}lez and S. Go{\ss}ler and R. Gouaty and M. Granata and A. Grant and S. Gras and C. Gray and R. J. S. Greenhalgh and A. M. Gretarsson and C. Greverie and R. Grosso and H. Grote and S. Grunewald and G. M. Guidi and E. K. Gustafson and R. Gustafson and B. Hage and J. M. Hallam and D. Hammer and G. D. Hammond and C. Hanna and J. Hanson and J. Harms and G. M. Harry and I. W. Harry and E. D. Harstad and K. Haughian and K. Hayama and J.-F. Hayau and T. Hayler and J. Heefner and H. Heitmann and P. Hello and I. S. Heng and A. Heptonstall and M. Hewitson and S. Hild and E. Hirose and D. Hoak and K. A. Hodge and K. Holt and D. J. Hosken and J. Hough and E. Howell and D. Hoyland and D. Huet and B. Hughey and S. Husa and S. H. Huttner and D. R. Ingram and T. Isogai and A. Ivanov and P. Jaranowski and W. W. Johnson and D. I. Jones and G. Jones and R. Jones and L. Ju and P. Kalmus and V. Kalogera and S. Kandhasamy and J. Kanner and E. Katsavounidis and K. Kawabe and S. Kawamura and F. Kawazoe and W. Kells and D. G. Keppel and A. Khalaidovski and F. Y. Khalili and R. Khan and E. Khazanov and H. Kim and P. J. King and J. S. Kissel and S. Klimenko and K. Kokeyama and V. Kondrashov and R. Kopparapu and S. Koranda and I. Kowalska and D. Kozak and V. Kringel and B. Krishnan and A. Kr{\'{o}}lak and G. Kuehn and J. Kullman and R. Kumar and P. Kwee and P. K. Lam and M. Landry and M. Lang and B. Lantz and N. Lastzka and A. Lazzarini and P. Leaci and M. Lei and N. Leindecker and I. Leonor and N. Leroy and N. Letendre and T. G. F. Li and H. Lin and P. E. Lindquist and T. B. Littenberg and N. A. Lockerbie and D. Lodhia and M. Lorenzini and V. Loriette and M. Lormand and G. Losurdo and P. Lu and M. Lubinski and A. Lucianetti and H. Lück and A. Lundgren and B. Machenschalk and M. MacInnis and M. Mageswaran and K. Mailand and E. Majorana and C. Mak and I. Maksimovic and N. Man and I. Mandel and V. Mandic and M. Mantovani and F. Marchesoni and F. Marion and S. M{\'{a}}rka and Z. M{\'{a}}rka and A. Markosyan and J. Markowitz and E. Maros and J. Marque and F. Martelli and I. W. Martin and R. M. Martin and J. N. Marx and K. Mason and A. Masserot and F. Matichard and L. Matone and R. A. Matzner and N. Mavalvala and R. McCarthy and D. E. McClelland and S. C. McGuire and G. McIntyre and D. J. A. McKechan and M. Mehmet and A. Melatos and A. C. Melissinos and G. Mendell and D. F. Men{\'{e}}ndez and R. A. Mercer and L. Merill and S. Meshkov and C. Messenger and M. S. Meyer and H. Miao and C. Michel and L. Milano and J. Miller and Y. Minenkov and Y. Mino and S. Mitra and V. P. Mitrofanov and G. Mitselmakher and R. Mittleman and O. Miyakawa and B. Moe and M. Mohan and S. D. Mohanty and S. R. P. Mohapatra and J. Moreau and G. Moreno and N. Morgado and A. Morgia and K. Mors and S. Mosca and V. Moscatelli and K. Mossavi and B. Mours and C. MowLowry and G. Mueller and S. Mukherjee and A. Mullavey and H. Müller-Ebhardt and J. Munch and P. G. Murray and T. Nash and R. Nawrodt and J. Nelson and I. Neri and G. Newton and E. Nishida and A. Nishizawa and F. Nocera and E. Ochsner and J. O'Dell and G. H. Ogin and R. Oldenburg and B. O'Reilly and R. O'Shaughnessy and D. J. Ottaway and R. S. Ottens and H. Overmier and B. J. Owen and A. Page and G. Pagliaroli and L. Palladino and C. Palomba and Y. Pan and C. Pankow and F. Paoletti and M. A. Papa and S. Pardi and M. Parisi and A. Pasqualetti and R. Passaquieti and D. Passuello and P. Patel and D. Pathak and M. Pedraza and L. Pekowsky and S. Penn and C. Peralta and A. Perreca and G. Persichetti and M. Pichot and M. Pickenpack and F. Piergiovanni and M. Pietka and L. Pinard and I. M. Pinto and M. Pitkin and H. J. Pletsch and M. V. Plissi and R. Poggiani and F. Postiglione and M. Prato and M. Principe and R. Prix and G. A. Prodi and L. Prokhorov and O. Puncken and M. Punturo and P. Puppo and V. Quetschke and F. J. Raab and D. S. Rabeling and D. S. Rabeling and H. Radkins and P. Raffai and Z. Raics and M. Rakhmanov and P. Rapagnani and V. Raymond and V. Re and C. M. Reed and T. Reed and T. Regimbau and H. Rehbein and S. Reid and D. H. Reitze and F. Ricci and R. Riesen and K. Riles and P. Roberts and N. A. Robertson and F. Robinet and C. Robinson and E. L. Robinson and A. Rocchi and S. Roddy and C. Röver and L. Rolland and J. Rollins and J. D. Romano and R. Romano and J. H. Romie and D. Rosi{\'{n}}ska and S. Rowan and A. Rüdiger and P. Ruggi and K. Ryan and S. Sakata and F. Salemi and L. Sammut and L. Sancho de la Jordana and V. Sandberg and V. Sannibale and L. Santamar{\'{\i}}a and G. Santostasi and S. Saraf and P. Sarin and B. Sassolas and B. S. Sathyaprakash and S. Sato and M. Satterthwaite and P. R. Saulson and R. Savage and R. Schilling and R. Schnabel and R. Schofield and B. Schulz and B. F. Schutz and P. Schwinberg and J. Scott and S. M. Scott and A. C. Searle and F. Seifert and D. Sellers and A. S. Sengupta and D. Sentenac and A. Sergeev and B. Shapiro and P. Shawhan and D. H. Shoemaker and A. Sibley and X. Siemens and D. Sigg and A. M. Sintes and G. Skelton and B. J. J. Slagmolen and J. Slutsky and J. R. Smith and M. R. Smith and N. D. Smith and K. Somiya and B. Sorazu and L. Sperandio and A. J. Stein and L. C. Stein and S. Steplewski and A. Stochino and R. Stone and K. A. Strain and S. Strigin and A. Stroeer and R. Sturani and A. L. Stuver and T. Z. Summerscales and M. Sung and S. Susmithan and P. J. Sutton and B. Swinkels and G. P. Szokoly and D. Talukder and D. B. Tanner and S. P. Tarabrin and J. R. Taylor and R. Taylor and K. A. Thorne and K. S. Thorne and A. Thüring and C. Titsler and K. V. Tokmakov and A. Toncelli and M. Tonelli and C. Torres and C. I. Torrie and E. Tournefier and F. Travasso and G. Traylor and M. Trias and J. Trummer and L. Turner and D. Ugolini and K. Urbanek and H. Vahlbruch and G. Vajente and M. Vallisneri and J. F. J. van den Brand and C. Van Den Broeck and S. van der Putten and M. V. van der Sluys and S. Vass and R. Vaulin and M. Vavoulidis and A. Vecchio and G. Vedovato and A. A. van Veggel and J. Veitch and P. J. Veitch and C. Veltkamp and D. Verkindt and F. Vetrano and A. Vicer{\'{e}} and A. Villar and J.-Y. Vinet and H. Vocca and C. Vorvick and S. P. Vyachanin and S. J. Waldman and L. Wallace and A. Wanner and R. L. Ward and M. Was and P. Wei and M. Weinert and A. J. Weinstein and R. Weiss and L. Wen and S. Wen and P. Wessels and M. West and T. Westphal and K. Wette and J. T. Whelan and S. E. Whitcomb and B. F. Whiting and C. Wilkinson and P. A. Willems and H. R. Williams and L. Williams and B. Willke and I. Wilmut and L. Winkelmann and W. Winkler and C. C. Wipf and A. G. Wiseman and G. Woan and R. Wooley and J. Worden and I. Yakushin and H. Yamamoto and K. Yamamoto and D. Yeaton-Massey and S. Yoshida and M. Yvert and M. Zanolin and L. Zhang and Z. Zhang and C. Zhao and N. Zotov and M. E. Zucker and J. Zweizig},
  title     = {All-sky search for gravitational-wave bursts in the first joint {LIGO}-{GEO}-Virgo run},
  journal   = {Physical Review D},
  year      = {2010},
  volume    = {81},
  number    = {10},
  month     = {may},
  doi       = {10.1103/physrevd.81.102001},
  groups    = {Science Runs},
  publisher = {American Physical Society ({APS})},
  url       = {http://dx.doi.org/10.1103/PhysRevD.81.102001},
}

@Article{Aasi_2015,
  author    = {J Aasi and J Abadie and B P Abbott and R Abbott and T Abbott and M R Abernathy and T Accadia and F Acernese and C Adams and T Adams and R X Adhikari and C Affeldt and M Agathos and N Aggarwal and O D Aguiar and P Ajith and B Allen and A Allocca and E Amador Ceron and D Amariutei and R A Anderson and S B Anderson and W G Anderson and K Arai and M C Araya and C Arceneaux and J Areeda and S Ast and S M Aston and P Astone and P Aufmuth and C Aulbert and L Austin and B E Aylott and S Babak and P T Baker and G Ballardin and S W Ballmer and J C Barayoga and D Barker and S H Barnum and F Barone and B Barr and L Barsotti and M Barsuglia and M A Barton and I Bartos and R Bassiri and A Basti and J Batch and J Bauchrowitz and Th S Bauer and M Bebronne and B Behnke and M Bejger and M G Beker and A S Bell and C Bell and I Belopolski and G Bergmann and J M Berliner and A Bertolini and D Bessis and J Betzwieser and P T Beyersdorf and T Bhadbhade and I A Bilenko and G Billingsley and J Birch and M Bitossi and M A Bizouard and E Black and J K Blackburn and L Blackburn and D Blair and M Blom and O Bock and T P Bodiya and M Boer and C Bogan and C Bond and F Bondu and L Bonelli and R Bonnand and R Bork and M Born and S Bose and L Bosi and J Bowers and C Bradaschia and P R Brady and V B Braginsky and M Branchesi and C A Brannen and J E Brau and J Breyer and T Briant and D O Bridges and A Brillet and M Brinkmann and V Brisson and M Britzger and A F Brooks and D A Brown and D D Brown and F Brückner and T Bulik and H J Bulten and A Buonanno and D Buskulic and C Buy and R L Byer and L Cadonati and G Cagnoli and J Calder{\'{o}}n Bustillo and E Calloni and J B Camp and P Campsie and K C Cannon and B Canuel and J Cao and C D Capano and F Carbognani and L Carbone and S Caride and A Castiglia and S Caudill and M Cavagli{\'{a}} and F Cavalier and R Cavalieri and G Cella and C Cepeda and E Cesarini and R Chakraborty and T Chalermsongsak and S Chao and P Charlton and E Chassande-Mottin and X Chen and Y Chen and A Chincarini and A Chiummo and H S Cho and J Chow and N Christensen and Q Chu and S S Y Chua and S Chung and G Ciani and F Clara and D E Clark and J A Clark and F Cleva and E Coccia and P-F Cohadon and A Colla and M Colombini and M Constancio Jr and A Conte and R Conte and D Cook and T R Corbitt and M Cordier and N Cornish and A Corsi and C A Costa and M W Coughlin and J-P Coulon and S Countryman and P Couvares and D M Coward and M Cowart and D C Coyne and K Craig and J D E Creighton and T D Creighton and S G Crowder and A Cumming and L Cunningham and E Cuoco and K Dahl and T Dal Canton and M Damjanic and S L Danilishin and S D'Antonio and K Danzmann and V Dattilo and B Daudert and H Daveloza and M Davier and G S Davies and E J Daw and R Day and T Dayanga and G Debreczeni and J Degallaix and E Deleeuw and S Del{\'{e}}glise and W Del Pozzo and T Denker and T Dent and H Dereli and V Dergachev and R De Rosa and R T DeRosa and R DeSalvo and S Dhurandhar and M D{\'{\i}} az and A Dietz and L Di Fiore and A Di Lieto and I Di Palma and A Di Virgilio and K Dmitry and F Donovan and K L Dooley and S Doravari and M Drago and R W P Drever and J C Driggers and Z Du and J-C Dumas and S Dwyer and T Eberle and M Edwards and A Effler and P Ehrens and J Eichholz and S S Eikenberry and G Endröczi and R Essick and T Etzel and K Evans and M Evans and T Evans and M Factourovich and V Fafone and S Fairhurst and Q Fang and B Farr and W Farr and M Favata and D Fazi and H Fehrmann and D Feldbaum and I Ferrante and F Ferrini and F Fidecaro and L S Finn and I Fiori and R Fisher and R Flaminio and E Foley and S Foley and E Forsi and L A Forte and N Fotopoulos and J-D Fournier and S Franco and S Frasca and F Frasconi and M Frede and M Frei and Z Frei and A Freise and R Frey and T T Fricke and P Fritschel and V V Frolov and M-K Fujimoto and P Fulda and M Fyffe and J Gair and L Gammaitoni and J Garcia and F Garufi and N Gehrels and G Gemme and E Genin and A Gennai and L Gergely and S Ghosh and J A Giaime and S Giampanis and K D Giardina and A Giazotto and S Gil-Casanova and C Gill and J Gleason and E Goetz and R Goetz and L Gondan and G Gonz{\'{a}}lez and N Gordon and M L Gorodetsky and S Gossan and S Go{\ss}ler and R Gouaty and C Graef and P B Graff and M Granata and A Grant and S Gras and C Gray and R J S Greenhalgh and A M Gretarsson and C Griffo and H Grote and K Grover and S Grunewald and G M Guidi and C Guido and K E Gushwa and E K Gustafson and R Gustafson and B Hall and E Hall and D Hammer and G Hammond and M Hanke and J Hanks and C Hanna and J Hanson and J Harms and G M Harry and I W Harry and E D Harstad and M T Hartman and K Haughian and K Hayama and J Heefner and A Heidmann and M Heintze and H Heitmann and P Hello and G Hemming and M Hendry and I S Heng and A W Heptonstall and M Heurs and S Hild and D Hoak and K A Hodge and K Holt and T Hong and S Hooper and T Horrom and D J Hosken and J Hough and E J Howell and Y Hu and Z Hua and V Huang and E A Huerta and B Hughey and S Husa and S H Huttner and M Huynh and T Huynh-Dinh and J Iafrate and D R Ingram and R Inta and T Isogai and A Ivanov and B R Iyer and K Izumi and M Jacobson and E James and H Jang and Y J Jang and P Jaranowski and F Jim{\'{e}}nez-Forteza and W W Johnson and D Jones and D I Jones and R Jones and R J G Jonker and L Ju and Haris K and P Kalmus and V Kalogera and S Kandhasamy and G Kang and J B Kanner and M Kasprzack and R Kasturi and E Katsavounidis and W Katzman and H Kaufer and K Kaufman and K Kawabe and S Kawamura and F Kawazoe and F K{\'{e}}f{\'{e}}lian and D Keitel and D B Kelley and W Kells and D G Keppel and A Khalaidovski and F Y Khalili and E A Khazanov and B K Kim and C Kim and K Kim and N Kim and W Kim and {Y-M} Kim and E J King and P J King and D L Kinzel and J S Kissel and S Klimenko and J Kline and S Koehlenbeck and K Kokeyama and V Kondrashov and S Koranda and W Z Korth and I Kowalska and D Kozak and A Kremin and V Kringel and B Krishnan and A Kr{\'{o}}lak and C Kucharczyk and S Kudla and G Kuehn and A Kumar and D Nanda Kumar and P Kumar and R Kumar and R Kurdyumov and P Kwee and M Landry and B Lantz and S Larson and P D Lasky and C Lawrie and A Lazzarini and P Leaci and E O Lebigot and C-H Lee and H K Lee and H M Lee and J Lee and J Lee and M Leonardi and J R Leong and A Le Roux and N Leroy and N Letendre and B Levine and J B Lewis and V Lhuillier and T G F Li and A C Lin and T B Littenberg and V Litvine and F Liu and H Liu and Y Liu and Z Liu and D Lloyd and N A Lockerbie and V Lockett and D Lodhia and K Loew and J Logue and A L Lombardi and M Lorenzini and V Loriette and M Lormand and G Losurdo and J Lough and J Luan and M J Lubinski and H Lück and A P Lundgren and J Macarthur and E Macdonald and B Machenschalk and M MacInnis and D M Macleod and F Magana-Sandoval and M Mageswaran and K Mailand and E Majorana and I Maksimovic and V Malvezzi and N Man and G M Manca and I Mandel and V Mandic and V Mangano and M Mantovani and F Marchesoni and F Marion and S M{\'{a}}rka and Z M{\'{a}}rka and A Markosyan and E Maros and J Marque and F Martelli and L Martellini and I W Martin and R M Martin and D Martynov and J N Marx and K Mason and A Masserot and T J Massinger and F Matichard and L Matone and R A Matzner and N Mavalvala and G May and N Mazumder and G Mazzolo and R McCarthy and D E McClelland and S C McGuire and G McIntyre and J McIver and D Meacher and G D Meadors and M Mehmet and J Meidam and T Meier and A Melatos and G Mendell and R A Mercer and S Meshkov and C Messenger and M S Meyer and H Miao and C Michel and E E Mikhailov and L Milano and J Miller and Y Minenkov and C M F Mingarelli and S Mitra and V P Mitrofanov and G Mitselmakher and R Mittleman and B Moe and M Mohan and S R P Mohapatra and F Mokler and D Moraru and G Moreno and N Morgado and T Mori and S R Morriss and K Mossavi and B Mours and C M Mow-Lowry and C L Mueller and G Mueller and S Mukherjee and A Mullavey and J Munch and D Murphy and P G Murray and A Mytidis and M F Nagy and I Nardecchia and T Nash and L Naticchioni and R Nayak and V Necula and I Neri and G Newton and T Nguyen and E Nishida and A Nishizawa and A Nitz and F Nocera and D Nolting and M E Normandin and L K Nuttall and E Ochsner and J O'Dell and E Oelker and G H Ogin and J J Oh and S H Oh and F Ohme and P Oppermann and B O'Reilly and W Ortega Larcher and R O'Shaughnessy and C Osthelder and C D Ott and D J Ottaway and R S Ottens and J Ou and H Overmier and B J Owen and C Padilla and A Pai and C Palomba and Y Pan and C Pankow and F Paoletti and R Paoletti and M A Papa and H Paris and A Pasqualetti and R Passaquieti and D Passuello and M Pedraza and P Peiris and S Penn and A Perreca and M Phelps and M Pichot and M Pickenpack and F Piergiovanni and V Pierro and L Pinard and B Pindor and I M Pinto and M Pitkin and J Poeld and R Poggiani and V Poole and C Poux and V Predoi and T Prestegard and L R Price and M Prijatelj and M Principe and S Privitera and G A Prodi and L Prokhorov and O Puncken and M Punturo and P Puppo and V Quetschke and E Quintero and R Quitzow-James and F J Raab and D S Rabeling and I R{\'{a}}cz and H Radkins and P Raffai and S Raja and G Rajalakshmi and M Rakhmanov and C Ramet and P Rapagnani and V Raymond and V Re and C M Reed and T Reed and T Regimbau and S Reid and D H Reitze and F Ricci and R Riesen and K Riles and N A Robertson and F Robinet and A Rocchi and S Roddy and C Rodriguez and M Rodruck and C Roever and L Rolland and J G Rollins and R Romano and G Romanov and J H Romie and D Rosi{\'{n}}ska and S Rowan and A Rüdiger and P Ruggi and K Ryan and F Salemi and L Sammut and V Sandberg and J Sanders and V Sannibale and I Santiago-Prieto and E Saracco and B Sassolas and B S Sathyaprakash and P R Saulson and R Savage and R Schilling and R Schnabel and R M S Schofield and E Schreiber and D Schuette and B Schulz and B F Schutz and P Schwinberg and J Scott and S M Scott and F Seifert and D Sellers and A S Sengupta and D Sentenac and A Sergeev and D Shaddock and S Shah and M S Shahriar and M Shaltev and B Shapiro and P Shawhan and D H Shoemaker and T L Sidery and K Siellez and X Siemens and D Sigg and D Simakov and A Singer and L Singer and A M Sintes and G R Skelton and B J J Slagmolen and J Slutsky and J R Smith and M R Smith and R J E Smith and N D Smith-Lefebvre and K Soden and E J Son and B Sorazu and T Souradeep and L Sperandio and A Staley and E Steinert and J Steinlechner and S Steinlechner and S Steplewski and D Stevens and A Stochino and R Stone and K A Strain and S Strigin and A S Stroeer and R Sturani and A L Stuver and T Z Summerscales and S Susmithan and P J Sutton and B Swinkels and G Szeifert and M Tacca and D Talukder and L Tang and D B Tanner and S P Tarabrin and R Taylor and A P M ter Braack and M P Thirugnanasambandam and M Thomas and P Thomas and K A Thorne and K S Thorne and E Thrane and V Tiwari and K V Tokmakov and C Tomlinson and A Toncelli and M Tonelli and O Torre and C V Torres and C I Torrie and F Travasso and G Traylor and M Tse and D Ugolini and C S Unnikrishnan and H Vahlbruch and G Vajente and M Vallisneri and J F J van den Brand and C Van Den Broeck and S van der Putten and M V van der Sluys and J van Heijningen and A A van Veggel and S Vass and M Vas{\'{u}}th and R Vaulin and A Vecchio and G Vedovato and J Veitch and P J Veitch and K Venkateswara and D Verkindt and S Verma and F Vetrano and A Vicer{\'{e}} and R Vincent-Finley and J-Y Vinet and S Vitale and B Vlcek and T Vo and H Vocca and C Vorvick and W D Vousden and D Vrinceanu and S P Vyachanin and A Wade and L Wade and M Wade and S J Waldman and M Walker and L Wallace and Y Wan and J Wang and M Wang and X Wang and A Wanner and R L Ward and M Was and B Weaver and L-W Wei and M Weinert and A J Weinstein and R Weiss and T Welborn and L Wen and P Wessels and M West and T Westphal and K Wette and J T Whelan and S E Whitcomb and D J White and B F Whiting and S Wibowo and K Wiesner and C Wilkinson and L Williams and R Williams and T Williams and J L Willis and B Willke and M Wimmer and L Winkelmann and W Winkler and C C Wipf and H Wittel and G Woan and J Worden and J Yablon and I Yakushin and H Yamamoto and C C Yancey and H Yang and D Yeaton-Massey and S Yoshida and H Yum and M Yvert and A Zadro{\.{z}}ny and M Zanolin and J-P Zendri and F Zhang and L Zhang and C Zhao and H Zhu and X J Zhu and N Zotov and M E Zucker and J Zweizig},
  title     = {Characterization of the {LIGO} detectors during their sixth science run},
  journal   = {Class. Quantum Grav.},
  year      = {2015},
  volume    = {32},
  number    = {11},
  pages     = {115012},
  month     = {may},
  doi       = {10.1088/0264-9381/32/11/115012},
  groups    = {iLIGO},
  publisher = {{IOP} Publishing},
  url       = {http://dx.doi.org/10.1088/0264-9381/32/11/115012},
}

@Article{Kwee_2012,
  author    = {P. Kwee and C. Bogan and K. Danzmann and M. Frede and H. Kim and P. King and J. Pöld and O. Puncken and R. L. Savage and F. Seifert and P. Wessels and L. Winkelmann and B. Willke},
  title     = {Stabilized high-power laser system for the gravitational wave detector advanced {LIGO}},
  journal   = {Opt. Express},
  year      = {2012},
  volume    = {20},
  number    = {10},
  pages     = {10617},
  month     = {apr},
  doi       = {10.1364/oe.20.010617},
  publisher = {The Optical Society},
  url       = {http://dx.doi.org/10.1364/OE.20.010617},
}

@Article{Mueller_2016,
  author    = {Chris L. Mueller and Muzammil A. Arain and Giacomo Ciani and Ryan. T. DeRosa and Anamaria Effler and David Feldbaum and Valery V. Frolov and Paul Fulda and Joseph Gleason and Matthew Heintze and Keita Kawabe and Eleanor J. King and Keiko Kokeyama and William Z. Korth and Rodica M. Martin and Adam Mullavey and Jan Peold and Volker Quetschke and David H. Reitze and David B. Tanner and Cheryl Vorvick and Luke F. Williams and Guido Mueller},
  title     = {The advanced {LIGO} input optics},
  journal   = {Rev. Sci. Instrum.},
  year      = {2016},
  volume    = {87},
  number    = {1},
  pages     = {014502},
  month     = {jan},
  doi       = {10.1063/1.4936974},
  groups    = {aLIGO},
  publisher = {{AIP} Publishing},
  url       = {http://dx.doi.org/10.1063/1.4936974},
}

@Article{Klimenko_2016,
  author    = {S. Klimenko and G. Vedovato and M. Drago and F. Salemi and V. Tiwari and G. A. Prodi and C. Lazzaro and K. Ackley and S. Tiwari and C. F. Da Silva and G. Mitselmakher},
  title     = {Method for detection and reconstruction of gravitational wave transients with networks of advanced detectors},
  journal   = {Physical Review D},
  year      = {2016},
  volume    = {93},
  number    = {4},
  month     = {feb},
  doi       = {10.1103/physrevd.93.042004},
  publisher = {American Physical Society ({APS})},
  url       = {http://dx.doi.org/10.1103/PhysRevD.93.042004},
}

@Article{SEI2015,
  author        = {Matichard, F. and others},
  title         = {{Seismic isolation of Advanced LIGO: Review of strategy, instrumentation and performance}},
  journal       = {Class. Quant. Grav.},
  year          = {2015},
  volume        = {32},
  number        = {18},
  pages         = {185003},
  archiveprefix = {arXiv},
  doi           = {10.1088/0264-9381/32/18/185003},
  eprint        = {1502.06300},
  groups        = {aLIGO},
  primaryclass  = {physics.ins-det},
  slaccitation  = {%%CITATION = ARXIV:1502.06300;%%},
  url           = {http://dx.doi.org/10.1088/0264-9381/32/18/185003},
}

@Article{Wen_2014,
  author    = {S Wen and R Mittleman and K Mason and J Giaime and R Abbott and J Kern and B O'Reilly and R Bork and M Hammond and C Hardham and B Lantz and W Hua and D Coyne and G Traylor and H Overmier and T Evans and J Hanson and O Spjeld and M Macinnis and K Mailand and D Ottaway and D Sellers and K Carter and P Sarin},
  title     = {Hydraulic external pre-isolator system for {LIGO}},
  journal   = {Class. Quantum Grav.},
  year      = {2014},
  volume    = {31},
  number    = {23},
  pages     = {235001},
  month     = {nov},
  doi       = {10.1088/0264-9381/31/23/235001},
  groups    = {Sources of information, iLIGO},
  publisher = {{IOP} Publishing},
  url       = {http://dx.doi.org/10.1088/0264-9381/31/23/235001},
}

@Article{Uchiyama_2012,
  author    = {Takashi Uchiyama and Shinji Miyoki and Souichi Telada and Kazuhiro Yamamoto and Masatake Ohashi and Kazuhiro Agatsuma and Koji Arai and Masa-Katsu Fujimoto and Tomiyoshi Haruyama and Seiji Kawamura and Osamu Miyakawa and Naoko Ohishi and Takanori Saito and Takakazu Shintomi and Toshikazu Suzuki and Ryutaro Takahashi and Daisuke Tatsumi},
  title     = {Reduction of Thermal Fluctuations in a Cryogenic Laser Interferometric Gravitational Wave Detector},
  journal   = {Phys. Rev. Lett.},
  year      = {2012},
  volume    = {108},
  number    = {14},
  month     = {apr},
  doi       = {10.1103/physrevlett.108.141101},
  groups    = {CLIO},
  publisher = {American Physical Society ({APS})},
  url       = {http://dx.doi.org/10.1103/PhysRevLett.108.141101},
}

@Article{Aston_2012,
  author    = {S M Aston and M A Barton and A S Bell and N Beveridge and B Bland and A J Brummitt and G Cagnoli and C A Cantley and L Carbone and A V Cumming and L Cunningham and R M Cutler and R J S Greenhalgh and G D Hammond and K Haughian and T M Hayler and A Heptonstall and J Heefner and D Hoyland and J Hough and R Jones and J S Kissel and R Kumar and N A Lockerbie and D Lodhia and I W Martin and P G Murray and J O'Dell and M V Plissi and S Reid and J Romie and N A Robertson and S Rowan and B Shapiro and C C Speake and K A Strain and K V Tokmakov and C Torrie and A A van Veggel and A Vecchio and I Wilmut},
  title     = {Update on quadruple suspension design for Advanced {LIGO}},
  journal   = {Class. Quantum Grav.},
  year      = {2012},
  volume    = {29},
  number    = {23},
  pages     = {235004},
  month     = {oct},
  doi       = {10.1088/0264-9381/29/23/235004},
  groups    = {aLIGO},
  publisher = {{IOP} Publishing},
  url       = {http://dx.doi.org/10.1088/0264-9381/29/23/235004},
}

@Article{Abadie_2012,
  author    = {J. Abadie and B. P. Abbott and R. Abbott and T. D. Abbott and M. Abernathy and T. Accadia and F. Acernese and C. Adams and R. Adhikari and C. Affeldt and M. Agathos and P. Ajith and B. Allen and G. S. Allen and E. Amador Ceron and D. Amariutei and R. S. Amin and S. B. Anderson and W. G. Anderson and K. Arai and M. A. Arain and M. C. Araya and S. M. Aston and P. Astone and D. Atkinson and P. Aufmuth and C. Aulbert and B. E. Aylott and S. Babak and P. Baker and G. Ballardin and S. Ballmer and D. Barker and F. Barone and B. Barr and P. Barriga and L. Barsotti and M. Barsuglia and M. A. Barton and I. Bartos and R. Bassiri and M. Bastarrika and A. Basti and J. Batch and J. Bauchrowitz and Th. S. Bauer and M. Bebronne and B. Behnke and M. G. Beker and A. S. Bell and A. Belletoile and I. Belopolski and M. Benacquista and J. M. Berliner and A. Bertolini and J. Betzwieser and N. Beveridge and P. T. Beyersdorf and I. A. Bilenko and G. Billingsley and J. Birch and R. Biswas and M. Bitossi and M. A. Bizouard and E. Black and J. K. Blackburn and L. Blackburn and D. Blair and B. Bland and M. Blom and O. Bock and T. P. Bodiya and C. Bogan and R. Bondarescu and F. Bondu and L. Bonelli and R. Bonnand and R. Bork and M. Born and V. Boschi and S. Bose and L. Bosi and B. Bouhou and S. Braccini and C. Bradaschia and P. R. Brady and V. B. Braginsky and M. Branchesi and J. E. Brau and J. Breyer and T. Briant and D. O. Bridges and A. Brillet and M. Brinkmann and V. Brisson and M. Britzger and A. F. Brooks and D. A. Brown and A. Brummit and T. Bulik and H. J. Bulten and A. Buonanno and J. Burguet{\textendash}Castell and O. Burmeister and D. Buskulic and C. Buy and R. L. Byer and L. Cadonati and G. Cagnoli and E. Calloni and J. B. Camp and P. Campsie and J. Cannizzo and K. Cannon and B. Canuel and J. Cao and C. D. Capano and F. Carbognani and S. Caride and S. Caudill and M. Cavagli{\`{a}} and F. Cavalier and R. Cavalieri and G. Cella and C. Cepeda and E. Cesarini and O. Chaibi and T. Chalermsongsak and E. Chalkley and P. Charlton and E. Chassande-Mottin and S. Chelkowski and Y. Chen and A. Chincarini and A. Chiummo and H. Cho and N. Christensen and S. S. Y. Chua and C. T. Y. Chung and S. Chung and G. Ciani and F. Clara and D. E. Clark and J. Clark and J. H. Clayton and F. Cleva and E. Coccia and P.-F. Cohadon and C. N. Colacino and J. Colas and A. Colla and M. Colombini and A. Conte and R. Conte and D. Cook and T. R. Corbitt and M. Cordier and N. Cornish and A. Corsi and C. A. Costa and M. Coughlin and J.-P. Coulon and P. Couvares and D. M. Coward and D. C. Coyne and J. D. E. Creighton and T. D. Creighton and A. M. Cruise and A. Cumming and L. Cunningham and E. Cuoco and R. M. Cutler and K. Dahl and S. L. Danilishin and R. Dannenberg and S. D'Antonio and K. Danzmann and V. Dattilo and B. Daudert and H. Daveloza and M. Davier and G. Davies and E. J. Daw and R. Day and T. Dayanga and R. De Rosa and D. DeBra and G. Debreczeni and J. Degallaix and W. Del Pozzo and M. del Prete and T. Dent and V. Dergachev and R. DeRosa and R. DeSalvo and S. Dhurandhar and L. Di Fiore and A. Di Lieto and I. Di Palma and M. Di Paolo Emilio and A. Di Virgilio and M. D{\'{\i}}az and A. Dietz and J. DiGuglielmo and F. Donovan and K. L. Dooley and S. Dorsher and M. Drago and R. W. P. Drever and J. C. Driggers and Z. Du and J.-C. Dumas and S. Dwyer and T. Eberle and M. Edgar and M. Edwards and A. Effler and P. Ehrens and G. Endr{\H{o}}czi and R. Engel and T. Etzel and K. Evans and M. Evans and T. Evans and M. Factourovich and V. Fafone and S. Fairhurst and Y. Fan and B. F. Farr and W. Farr and D. Fazi and H. Fehrmann and D. Feldbaum and I. Ferrante and F. Fidecaro and L. S. Finn and I. Fiori and R. P. Fisher and R. Flaminio and M. Flanigan and S. Foley and E. Forsi and L. A. Forte and N. Fotopoulos and J.-D. Fournier and J. Franc and S. Frasca and F. Frasconi and M. Frede and M. Frei and Z. Frei and A. Freise and R. Frey and T. T. Fricke and D. Friedrich and P. Fritschel and V. V. Frolov and P. J. Fulda and M. Fyffe and M. Galimberti and L. Gammaitoni and M. R. Ganija and J. Garcia and J. A. Garofoli and F. Garufi and M. E. G{\'{a}}sp{\'{a}}r and G. Gemme and R. Geng and E. Genin and A. Gennai and L. {\'{A}}. Gergely and S. Ghosh and J. A. Giaime and S. Giampanis and K. D. Giardina and A. Giazotto and C. Gill and E. Goetz and L. M. Goggin and G. Gonz{\'{a}}lez and M. L. Gorodetsky and S. Go{\ss}ler and R. Gouaty and C. Graef and M. Granata and A. Grant and S. Gras and C. Gray and N. Gray and R. J. S. Greenhalgh and A. M. Gretarsson and C. Greverie and R. Grosso and H. Grote and S. Grunewald and G. M. Guidi and C. Guido and R. Gupta and E. K. Gustafson and R. Gustafson and T. Ha and B. Hage and J. M. Hallam and D. Hammer and G. Hammond and J. Hanks and C. Hanna and J. Hanson and A. Hardt and J. Harms and G. M. Harry and I. W. Harry and E. D. Harstad and M. T. Hartman and K. Haughian and K. Hayama and J.-F. Hayau and J. Heefner and A. Heidmann and M. C. Heintze and H. Heitmann and P. Hello and M. A. Hendry and I. S. Heng and A. W. Heptonstall and V. Herrera and M. Hewitson and S. Hild and D. Hoak and K. A. Hodge and K. Holt and T. Hong and S. Hooper and D. J. Hosken and J. Hough and E. J. Howell and B. Hughey and S. Husa and S. H. Huttner and T. Huynh-Dinh and D. R. Ingram and R. Inta and T. Isogai and A. Ivanov and K. Izumi and M. Jacobson and H. Jang and P. Jaranowski and W. W. Johnson and D. I. Jones and G. Jones and R. Jones and L. Ju and P. Kalmus and V. Kalogera and I. Kamaretsos and S. Kandhasamy and G. Kang and J. B. Kanner and E. Katsavounidis and W. Katzman and H. Kaufer and K. Kawabe and S. Kawamura and F. Kawazoe and W. Kells and D. G. Keppel and Z. Keresztes and A. Khalaidovski and F. Y. Khalili and E. A. Khazanov and B. Kim and C. Kim and D. Kim and H. Kim and K. Kim and N. Kim and Y.-M. Kim and P. J. King and M. Kinsey and D. L. Kinzel and J. S. Kissel and S. Klimenko and K. Kokeyama and V. Kondrashov and R. Kopparapu and S. Koranda and W. Z. Korth and I. Kowalska and D. Kozak and V. Kringel and S. Krishnamurthy and B. Krishnan and A. Kr{\'{o}}lak and G. Kuehn and R. Kumar and P. Kwee and P. K. Lam and M. Landry and M. Lang and B. Lantz and N. Lastzka and C. Lawrie and A. Lazzarini and P. Leaci and C. H. Lee and H. M. Lee and N. Leindecker and J. R. Leong and I. Leonor and N. Leroy and N. Letendre and J. Li and T. G. F. Li and N. Liguori and P. E. Lindquist and N. A. Lockerbie and D. Lodhia and M. Lorenzini and V. Loriette and M. Lormand and G. Losurdo and J. Luan and M. Lubinski and H. Lück and A. P. Lundgren and E. Macdonald and B. Machenschalk and M. MacInnis and D. M. Macleod and M. Mageswaran and K. Mailand and E. Majorana and I. Maksimovic and N. Man and I. Mandel and V. Mandic and M. Mantovani and A. Marandi and F. Marchesoni and F. Marion and S. M{\'{a}}rka and Z. M{\'{a}}rka and A. Markosyan and E. Maros and J. Marque and F. Martelli and I. W. Martin and R. M. Martin and J. N. Marx and K. Mason and A. Masserot and F. Matichard and L. Matone and R. A. Matzner and N. Mavalvala and G. Mazzolo and R. McCarthy and D. E. McClelland and S. C. McGuire and G. McIntyre and J. McIver and D. J. A. McKechan and G. D. Meadors and M. Mehmet and T. Meier and A. Melatos and A. C. Melissinos and G. Mendell and D. Menendez and R. A. Mercer and S. Meshkov and C. Messenger and M. S. Meyer and H. Miao and C. Michel and L. Milano and J. Miller and Y. Minenkov and V. P. Mitrofanov and G. Mitselmakher and R. Mittleman and O. Miyakawa and B. Moe and P. Moesta and M. Mohan and S. D. Mohanty and S. R. P. Mohapatra and D. Moraru and G. Moreno and N. Morgado and A. Morgia and T. Mori and S. Mosca and K. Mossavi and B. Mours and C. M. Mow-Lowry and C. L. Mueller and G. Mueller and S. Mukherjee and A. Mullavey and H. Müller-Ebhardt and J. Munch and D. Murphy and P. G. Murray and A. Mytidis and T. Nash and L. Naticchioni and R. Nawrodt and V. Necula and J. Nelson and G. Newton and A. Nishizawa and F. Nocera and D. Nolting and L. Nuttall and E. Ochsner and J. O'Dell and E. Oelker and G. H. Ogin and J. J. Oh and S. H. Oh and R. G. Oldenburg and B. O'Reilly and R. O'Shaughnessy and C. Osthelder and C. D. Ott and D. J. Ottaway and R. S. Ottens and H. Overmier and B. J. Owen and A. Page and G. Pagliaroli and L. Palladino and C. Palomba and Y. Pan and C. Pankow and F. Paoletti and M. A. Papa and M. Parisi and A. Pasqualetti and R. Passaquieti and D. Passuello and P. Patel and M. Pedraza and P. Peiris and L. Pekowsky and S. Penn and C. Peralta and A. Perreca and G. Persichetti and M. Phelps and M. Pickenpack and F. Piergiovanni and M. Pietka and L. Pinard and I. M. Pinto and M. Pitkin and H. J. Pletsch and M. V. Plissi and R. Poggiani and J. Pöld and F. Postiglione and M. Prato and V. Predoi and L. R. Price and M. Prijatelj and M. Principe and S. Privitera and R. Prix and G. A. Prodi and L. Prokhorov and O. Puncken and M. Punturo and P. Puppo and V. Quetschke and F. J. Raab and D. S. Rabeling and I. R{\'{a}}cz and H. Radkins and P. Raffai and M. Rakhmanov and C. R. Ramet and B. Rankins and P. Rapagnani and V. Raymond and V. Re and K. Redwine and C. M. Reed and T. Reed and T. Regimbau and S. Reid and D. H. Reitze and F. Ricci and R. Riesen and K. Riles and N. A. Robertson and F. Robinet and C. Robinson and E. L. Robinson and A. Rocchi and S. Roddy and C. Rodriguez and M. Rodruck and L. Rolland and J. Rollins and J. D. Romano and R. Romano and J. H. Romie and D. Rosi{\'{n}}ska and C. Röver and S. Rowan and A. Rüdiger and P. Ruggi and K. Ryan and H. Ryll and P. Sainathan and M. Sakosky and F. Salemi and A. Samblowski and L. Sammut and L. Sancho de la Jordana and V. Sandberg and S. Sankar and V. Sannibale and L. Santamar{\'{\i}}a and I. Santiago-Prieto and G. Santostasi and B. Sassolas and B. S. Sathyaprakash and S. Sato and P. R. Saulson and R. L. Savage and R. Schilling and S. Schlamminger and R. Schnabel and R. M. S. Schofield and B. Schulz and B. F. Schutz and P. Schwinberg and J. Scott and S. M. Scott and A. C. Searle and F. Seifert and D. Sellers and A. S. Sengupta and D. Sentenac and A. Sergeev and D. A. Shaddock and M. Shaltev and B. Shapiro and P. Shawhan and D. H. Shoemaker and A. Sibley and X. Siemens and D. Sigg and A. Singer and L. Singer and A. M. Sintes and G. Skelton and B. J. J. Slagmolen and J. Slutsky and J. R. Smith and M. R. Smith and N. D. Smith and R. J. E. Smith and K. Somiya and B. Sorazu and J. Soto and F. C. Speirits and L. Sperandio and M. Stefszky and A. J. Stein and E. Steinert and J. Steinlechner and S. Steinlechner and S. Steplewski and A. Stochino and R. Stone and K. A. Strain and S. Strigin and A. S. Stroeer and R. Sturani and A. L. Stuver and T. Z. Summerscales and M. Sung and S. Susmithan and P. J. Sutton and B. Swinkels and M. Tacca and L. Taffarello and D. Talukder and D. B. Tanner and S. P. Tarabrin and J. R. Taylor and R. Taylor and P. Thomas and K. A. Thorne and K. S. Thorne and E. Thrane and A. Thüring and C. Titsler and K. V. Tokmakov and A. Toncelli and M. Tonelli and O. Torre and C. Torres and C. I. Torrie and E. Tournefier and F. Travasso and G. Traylor and M. Trias and K. Tseng and E. Tucker and D. Ugolini and K. Urbanek and H. Vahlbruch and G. Vajente and M. Vallisneri and J. F. J. van den Brand and C. Van Den Broeck and S. van der Putten and A. A. van Veggel and S. Vass and M. Vasuth and R. Vaulin and M. Vavoulidis and A. Vecchio and G. Vedovato and J. Veitch and P. J. Veitch and C. Veltkamp and D. Verkindt and F. Vetrano and A. Vicer{\'{e}} and A. E. Villar and J.-Y. Vinet and S. Vitale and S. Vitale and H. Vocca and C. Vorvick and S. P. Vyatchanin and A. Wade and S. J. Waldman and L. Wallace and Y. Wan and X. Wang and Z. Wang and A. Wanner and R. L. Ward and M. Was and P. Wei and M. Weinert and A. J. Weinstein and R. Weiss and L. Wen and S. Wen and P. Wessels and M. West and T. Westphal and K. Wette and J. T. Whelan and S. E. Whitcomb and D. White and B. F. Whiting and C. Wilkinson and P. A. Willems and H. R. Williams and L. Williams and B. Willke and L. Winkelmann and W. Winkler and C. C. Wipf and A. G. Wiseman and H. Wittel and G. Woan and R. Wooley and J. Worden and J. Yablon and I. Yakushin and H. Yamamoto and K. Yamamoto and H. Yang and D. Yeaton-Massey and S. Yoshida and P. Yu and M. Yvert and A. Zadro{\'{z}}ny and M. Zanolin and J.-P. Zendri and F. Zhang and L. Zhang and W. Zhang and Z. Zhang and C. Zhao and N. Zotov and M. E. Zucker and J. Zweizig},
  title     = {Search for gravitational waves from low mass compact binary coalescence in {LIGO}'s sixth science run and Virgo's science runs 2 and 3},
  journal   = {Physical Review D},
  year      = {2012},
  volume    = {85},
  number    = {8},
  month     = {apr},
  doi       = {10.1103/physrevd.85.082002},
  groups    = {Science Runs},
  publisher = {American Physical Society ({APS})},
  url       = {http://dx.doi.org/10.1103/PhysRevD.85.082002},
}

@Article{Abadie_2011,
  author    = {J. Abadie and B. P. Abbott and R. Abbott and T. D. Abbott and M. Abernathy and C. Adams and R. Adhikari and C. Affeldt and B. Allen and G. S. Allen and E. Amador Ceron and D. Amariutei and R. S. Amin and S. B. Anderson and W. G. Anderson and K. Arai and M. A. Arain and M. C. Araya and S. M. Aston and D. Atkinson and P. Aufmuth and C. Aulbert and B. E. Aylott and S. Babak and P. Baker and S. Ballmer and D. Barker and B. Barr and P. Barriga and L. Barsotti and M. A. Barton and I. Bartos and R. Bassiri and M. Bastarrika and J. Batch and J. Bauchrowitz and B. Behnke and A. S. Bell and I. Belopolski and M. Benacquista and J. M. Berliner and A. Bertolini and J. Betzwieser and N. Beveridge and P. T. Beyersdorf and I. A. Bilenko and G. Billingsley and J. Birch and R. Biswas and E. Black and J. K. Blackburn and L. Blackburn and D. Blair and B. Bland and O. Bock and T. P. Bodiya and C. Bogan and R. Bondarescu and R. Bork and M. Born and S. Bose and P. R. Brady and V. B. Braginsky and J. E. Brau and J. Breyer and D. O. Bridges and M. Brinkmann and M. Britzger and A. F. Brooks and D. A. Brown and A. Brummitt and A. Buonanno and J. Burguet-Castell and O. Burmeister and R. L. Byer and L. Cadonati and J. B. Camp and P. Campsie and J. Cannizzo and K. Cannon and J. Cao and C. D. Capano and S. Caride and S. Caudill and M. Cavagli{\'{a}} and C. Cepeda and T. Chalermsongsak and E. Chalkley and P. Charlton and S. Chelkowski and Y. Chen and N. Christensen and H. Cho and S. S. Y. Chua and S. Chung and C. T. Y. Chung and G. Ciani and F. Clara and D. E. Clark and J. Clark and J. H. Clayton and R. Conte and D. Cook and T. R. Corbitt and M. Cordier and N. Cornish and A. Corsi and C. A. Costa and M. Coughlin and P. Couvares and D. M. Coward and D. C. Coyne and J. D. E. Creighton and T. D. Creighton and A. M. Cruise and A. Cumming and L. Cunningham and R. M. Cutler and K. Dahl and S. L. Danilishin and R. Dannenberg and K. Danzmann and B. Daudert and H. Daveloza and G. Davies and E. J. Daw and T. Dayanga and D. DeBra and J. Degallaix and T. Dent and V. Dergachev and R. DeRosa and R. DeSalvo and S. Dhurandhar and J. DiGuglielmo and I. Di Palma and M. D{\'{\i}}az and F. Donovan and K. L. Dooley and S. Dorsher and R. W. P. Drever and J. C. Driggers and Z. Du and J-C. Dumas and S. Dwyer and T. Eberle and M. Edgar and M. Edwards and A. Effler and P. Ehrens and R. Engel and T. Etzel and K. Evans and M. Evans and T. Evans and M. Factourovich and S. Fairhurst and Y. Fan and B. F. Farr and W. Farr and D. Fazi and H. Fehrmann and D. Feldbaum and L. S. Finn and R. P. Fisher and M. Flanigan and S. Foley and E. Forsi and N. Fotopoulos and M. Frede and M. Frei and Z. Frei and A. Freise and R. Frey and T. T. Fricke and D. Friedrich and P. Fritschel and V. V. Frolov and P. J. Fulda and M. Fyffe and M. R. Ganija and J. Garcia and J. A. Garofoli and R. Geng and L. {\'{A}}. Gergely and I. Gholami and S. Ghosh and J. A. Giaime and S. Giampanis and K. D. Giardina and C. Gill and E. Goetz and L. M. Goggin and G. Gonz{\'{a}}lez and M. L. Gorodetsky and S. Go{\ss}ler and C. Graef and A. Grant and S. Gras and C. Gray and N. Gray and R. J. S. Greenhalgh and A. M. Gretarsson and R. Grosso and H. Grote and S. Grunewald and C. Guido and R. Gupta and E. K. Gustafson and R. Gustafson and T. Ha and B. Hage and J. M. Hallam and D. Hammer and G. Hammond and J. Hanks and C. Hanna and J. Hanson and J. Harms and G. M. Harry and I. W. Harry and E. D. Harstad and M. T. Hartman and K. Haughian and K. Hayama and J. Heefner and M. C. Heintze and M. A. Hendry and I. S. Heng and A. W. Heptonstall and V. Herrera and M. Hewitson and S. Hild and D. Hoak and K. A. Hodge and K. Holt and T. Hong and S. Hooper and D. J. Hosken and J. Hough and E. J. Howell and B. Hughey and T. Huynh-Dinh and S. Husa and S. H. Huttner and D. R. Ingram and R. Inta and T. Isogai and A. Ivanov and K. Izumi and M. Jacobson and H. Jang and W. W. Johnson and D. I. Jones and G. Jones and R. Jones and L. Ju and P. Kalmus and V. Kalogera and I. Kamaretsos and S. Kandhasamy and G. Kang and J. B. Kanner and E. Katsavounidis and W. Katzman and H. Kaufer and K. Kawabe and S. Kawamura and F. Kawazoe and W. Kells and D. G. Keppel and Z. Keresztes and A. Khalaidovski and F. Y. Khalili and E. A. Khazanov and B. Kim and C. Kim and D. Kim and H. Kim and K. Kim and N. Kim and Y-M. Kim and P. J. King and M. Kinsey and D. L. Kinzel and J. S. Kissel and S. Klimenko and K. Kokeyama and V. Kondrashov and R. Kopparapu and S. Koranda and W. Z. Korth and D. Kozak and V. Kringel and S. Krishnamurthy and B. Krishnan and G. Kuehn and R. Kumar and P. Kwee and P. K. Lam and M. Landry and M. Lang and B. Lantz and N. Lastzka and C. Lawrie and A. Lazzarini and P. Leaci and C. H. Lee and H. M. Lee and N. Leindecker and J. R. Leong and I. Leonor and J. Li and P. E. Lindquist and N. A. Lockerbie and D. Lodhia and M. Lormand and J. Luan and M. Lubinski and H. Lück and A. P. Lundgren and E. Macdonald and B. Machenschalk and M. MacInnis and D. M. Macleod and M. Mageswaran and K. Mailand and I. Mandel and V. Mandic and A. Marandi and S. M{\'{a}}rka and Z. M{\'{a}}rka and A. Markosyan and E. Maros and I. W. Martin and R. M. Martin and J. N. Marx and K. Mason and F. Matichard and L. Matone and R. A. Matzner and N. Mavalvala and G. Mazzolo and R. McCarthy and D. E. McClelland and S. C. McGuire and G. McIntyre and J. McIver and D. J. A. McKechan and G. D. Meadors and M. Mehmet and T. Meier and A. Melatos and A. C. Melissinos and G. Mendell and D. Menendez and R. A. Mercer and S. Meshkov and C. Messenger and M. S. Meyer and H. Miao and J. Miller and V. P. Mitrofanov and G. Mitselmakher and R. Mittleman and O. Miyakawa and B. Moe and P. Moesta and S. D. Mohanty and D. Moraru and G. Moreno and T. Mori and K. Mossavi and C. M. Mow-Lowry and C. L. Mueller and G. Mueller and S. Mukherjee and A. Mullavey and H. Müller-Ebhardt and J. Munch and D. Murphy and P. G. Murray and A. Mytidis and T. Nash and R. Nawrodt and V. Necula and J. Nelson and G. Newton and A. Nishizawa and D. Nolting and L. Nuttall and J. O'Dell and B. O'Reilly and R. O'Shaughnessy and E. Ochsner and E. Oelker and J. J. Oh and S. H. Oh and G. H. Ogin and R. G. Oldenburg and C. Osthelder and C. D. Ott and D. J. Ottaway and R. S. Ottens and H. Overmier and B. J. Owen and A. Page and Y. Pan and C. Pankow and M. A. Papa and P. Ajith and P. Patel and M. Pedraza and P. Peiris and L. Pekowsky and S. Penn and C. Peralta and A. Perreca and M. Phelps and M. Pickenpack and I. M. Pinto and M. Pitkin and H. J. Pletsch and M. V. Plissi and J. Pöld and F. Postiglione and V. Predoi and L. R. Price and M. Prijatelj and M. Principe and S. Privitera and R. Prix and L. Prokhorov and O. Puncken and V. Quetschke and F. J. Raab and H. Radkins and P. Raffai and M. Rakhmanov and C. R. Ramet and B. Rankins and S. R. P. Mohapatra and V. Raymond and K. Redwine and C. M. Reed and T. Reed and S. Reid and D. H. Reitze and R. Riesen and K. Riles and N. A. Robertson and C. Robinson and E. L. Robinson and S. Roddy and C. Rodriguez and M. Rodruck and J. Rollins and J. D. Romano and J. H. Romie and C. Röver and S. Rowan and A. Rüdiger and K. Ryan and H. Ryll and P. Sainathan and M. Sakosky and F. Salemi and A. Samblowski and L. Sammut and L. Sancho de la Jordana and V. Sandberg and S. Sankar and V. Sannibale and L. Santamar{\'{\i}}a and I. Santiago-Prieto and G. Santostasi and B. S. Sathyaprakash and S. Sato and P. R. Saulson and R. L. Savage and R. Schilling and S. Schlamminger and R. Schnabel and R. M. S. Schofield and B. Schulz and B. F. Schutz and P. Schwinberg and J. Scott and S. M. Scott and A. C. Searle and F. Seifert and D. Sellers and A. S. Sengupta and A. Sergeev and D. A. Shaddock and M. Shaltev and B. Shapiro and P. Shawhan and D. H. Shoemaker and A. Sibley and X. Siemens and D. Sigg and A. Singer and L. Singer and A. M. Sintes and G. Skelton and B. J. J. Slagmolen and J. Slutsky and R. J. E. Smith and J. R. Smith and M. R. Smith and N. D. Smith and K. Somiya and B. Sorazu and J. Soto and F. C. Speirits and A. J. Stein and E. Steinert and J. Steinlechner and S. Steinlechner and S. Steplewski and M. Stefszky and A. Stochino and R. Stone and K. A. Strain and S. Strigin and A. S. Stroeer and A. L. Stuver and T. Z. Summerscales and M. Sung and S. Susmithan and P. J. Sutton and D. Talukder and D. B. Tanner and S. P. Tarabrin and J. R. Taylor and R. Taylor and P. Thomas and K. A. Thorne and K. S. Thorne and E. Thrane and A. Thüring and C. Titsler and K. V. Tokmakov and C. Torres and C. I. Torrie and G. Traylor and M. Trias and K. Tseng and D. Ugolini and K. Urbanek and H. Vahlbruch and M. Vallisneri and A. A. van Veggel and S. Vass and R. Vaulin and A. Vecchio and J. Veitch and P. J. Veitch and C. Veltkamp and A. E. Villar and S. Vitale and C. Vorvick and S. P. Vyatchanin and A. Wade and S. J. Waldman and L. Wallace and Y. Wan and A. Wanner and X. Wang and Z. Wang and R. L. Ward and P. Wei and M. Weinert and A. J. Weinstein and R. Weiss and L. Wen and S. Wen and P. Wessels and M. West and T. Westphal and K. Wette and J. T. Whelan and S. E. Whitcomb and D. White and B. F. Whiting and C. Wilkinson and P. A. Willems and H. R. Williams and L. Williams and B. Willke and L. Winkelmann and W. Winkler and C. C. Wipf and H. Wittel and A. G. Wiseman and G. Woan and R. Wooley and J. Worden and J. Yablon and I. Yakushin and K. Yamamoto and H. Yamamoto and H. Yang and D. Yeaton-Massey and S. Yoshida and P. Yu and M. Zanolin and L. Zhang and W. Zhang and Z. Zhang and C. Zhao and N. Zotov and M. E. Zucker and J. Zweizig},
  title     = {A gravitational wave observatory operating beyond the quantum shot-noise limit},
  journal   = {Nat Phys},
  year      = {2011},
  volume    = {7},
  number    = {12},
  pages     = {962--965},
  month     = {sep},
  doi       = {10.1038/nphys2083},
  groups    = {Sources of information},
  publisher = {Nature Publishing Group},
  url       = {http://dx.doi.org/10.1038/nphys2083},
}

@Article{Lorenzini_2010,
  author    = {M Lorenzini},
  title     = {The monolithic suspension for the Virgo interferometer},
  journal   = {Class. Quantum Grav.},
  year      = {2010},
  volume    = {27},
  number    = {8},
  pages     = {084021},
  month     = {apr},
  doi       = {10.1088/0264-9381/27/8/084021},
  groups    = {VIRGO},
  publisher = {{IOP} Publishing},
  url       = {http://dx.doi.org/10.1088/0264-9381/27/8/084021},
}

@Article{Grote_2013,
  author    = {H. Grote and K. Danzmann and K. L. Dooley and R. Schnabel and J. Slutsky and H. Vahlbruch},
  title     = {First Long-Term Application of Squeezed States of Light in a Gravitational-Wave Observatory},
  journal   = {Phys. Rev. Lett.},
  year      = {2013},
  volume    = {110},
  number    = {18},
  month     = {may},
  doi       = {10.1103/physrevlett.110.181101},
  groups    = {GEO},
  publisher = {American Physical Society ({APS})},
  url       = {http://dx.doi.org/10.1103/PhysRevLett.110.181101},
}

@Article{Willke_2002,
  author    = {B Willke and P Aufmuth and C Aulbert and S Babak and R Balasubramanian and B W Barr and S Berukoff and S Bose and G Cagnoli and M M Casey and D Churches and D Clubley and C N Colacino and D R M Crooks and C Cutler and K Danzmann and R Davies and R Dupuis and E Elliffe and C Fallnich and A Freise and S Go{\ss}ler and A Grant and H Grote and G Heinzel and A Heptonstall and M Heurs and M Hewitson and J Hough and O Jennrich and K Kawabe and K Kötter and V Leonhardt and H Lück and M Malec and P W McNamara and S A McIntosh and K Mossavi and S Mohanty and S Mukherjee and S Nagano and G P Newton and B J Owen and D Palmer and M A Papa and M V Plissi and V Quetschke and D I Robertson and N A Robertson and S Rowan and A Rüdiger and B S Sathyaprakash and R Schilling and B F Schutz and R Senior and A M Sintes and K D Skeldon and P Sneddon and F Stief and K A Strain and I Taylor and C I Torrie and A Vecchio and H Ward and U Weiland and H Welling and P Williams and W Winkler and G Woan and I Zawischa},
  title     = {The {GEO} 600 gravitational wave detector},
  journal   = {Class. Quantum Grav.},
  year      = {2002},
  volume    = {19},
  number    = {7},
  pages     = {1377--1387},
  month     = {mar},
  doi       = {10.1088/0264-9381/19/7/321},
  publisher = {{IOP} Publishing},
  url       = {http://dx.doi.org/10.1088/0264-9381/19/7/321},
}

@Article{Grote_2010,
  author    = {H Grote},
  title     = {The {GEO} 600~{s}tatus},
  journal   = {Class. Quantum Grav.},
  year      = {2010},
  volume    = {27},
  number    = {8},
  pages     = {084003},
  month     = {apr},
  doi       = {10.1088/0264-9381/27/8/084003},
  publisher = {{IOP} Publishing},
  url       = {http://dx.doi.org/10.1088/0264-9381/27/8/084003},
}

@InProceedings{Dewey_1984,
  author    = {{Dewey}, D. and {Linsay}, P.~S. and {Livas}, J. and {Weiss}, R. and {Shoemaker}, D.~H.},
  title     = {{The MIT Prototype Gravitational Wave Detector: A Status Report}},
  booktitle = {Bulletin of the American Astronomical Society},
  year      = {1984},
  volume    = {16},
  series    = {Bulletin of the American Astronomical Society},
  pages     = {517},
  month     = mar,
  adsnote   = {Provided by the SAO/NASA Astrophysics Data System},
  adsurl    = {http://adsabs.harvard.edu/abs/1984BAAS...16..517D},
  url       = {http://adsabs.harvard.edu/full/1984BAAS...16..517D},
}

@Article{Plissi_2000,
  author    = {M. V. Plissi and C. I. Torrie and M. E. Husman and N. A. Robertson and K. A. Strain and H. Ward and H. Lück and J. Hough},
  title     = {{GEO} 600 triple pendulum suspension system: Seismic isolation and control},
  journal   = {Rev. Sci. Instrum.},
  year      = {2000},
  volume    = {71},
  number    = {6},
  pages     = {2539},
  doi       = {10.1063/1.1150645},
  groups    = {GEO},
  publisher = {{AIP} Publishing},
  url       = {http://dx.doi.org/10.1063/1.1150645},
}

@Article{Robertson_1995,
  author    = {D. I. Robertson and E. Morrison and J. Hough and S. Killbourn and B. J. Meers and G. P. Newton and N. A. Robertson and K. A. Strain and H. Ward},
  title     = {The Glasgow 10~{m} prototype laser interferometric gravitational wave detector},
  journal   = {Rev. Sci. Instrum.},
  year      = {1995},
  volume    = {66},
  number    = {9},
  pages     = {4447},
  doi       = {10.1063/1.1145339},
  publisher = {{AIP} Publishing},
  url       = {http://dx.doi.org/10.1063/1.1145339},
}

@Article{Forward_1978,
  author    = {Robert L. Forward},
  title     = {Wideband laser-interferometer graviational-radiation experiment},
  journal   = {Physical Review D},
  year      = {1978},
  volume    = {17},
  number    = {2},
  pages     = {379--390},
  month     = {jan},
  doi       = {10.1103/physrevd.17.379},
  publisher = {American Physical Society ({APS})},
  url       = {http://dx.doi.org/10.1103/PhysRevD.17.379},
}

@InProceedings{Spero_1989,
  author    = {{Spero}, R.},
  title     = {{Status Report on the Caltech 40-METER Fabry-Perot Prototype Gravitational Wave Detector}},
  booktitle = {General Relativity and Gravitation},
  year      = {1989},
  pages     = {584},
  month     = jul,
  adsnote   = {Provided by the SAO/NASA Astrophysics Data System},
  adsurl    = {http://adsabs.harvard.edu/abs/1989grg..conf..584S},
  url       = {http://adsabs.harvard.edu/abs/1989grg..conf..584S},
}

@Book{BlairHowellJuZhao201203,
  title      = {Advanced Gravitational Wave Detectors},
  publisher  = {Cambridge University Press},
  year       = {2012},
  editor     = {D. G. Blair and E. J. Howell and L. Ju and C. Zhao},
  edition    = {1},
  month      = {3},
  groups     = {IFO Design},
  isbn       = {9780521874298},
  price      = {$140.00},
  timestamp  = {2016.05.18},
  totalpages = {344},
  url        = {http://amazon.com/o/ASIN/0521874297/},
}

@Article{aLIGOSensitivity,
  author        = {D.{\hspace{0.167em}}V. Martynov and E.{\hspace{0.167em}}D. Hall and B.{\hspace{0.167em}}P. Abbott and R. Abbott and T.{\hspace{0.167em}}D. Abbott and C. Adams and R.{\hspace{0.167em}}X. Adhikari and R.{\hspace{0.167em}}A. Anderson and S.{\hspace{0.167em}}B. Anderson and K. Arai and M.{\hspace{0.167em}}A. Arain and S.{\hspace{0.167em}}M. Aston and L. Austin and S.{\hspace{0.167em}}W. Ballmer and M. Barbet and D. Barker and B. Barr and L. Barsotti and J. Bartlett and M.{\hspace{0.167em}}A. Barton and I. Bartos and J.{\hspace{0.167em}}C. Batch and A.{\hspace{0.167em}}S. Bell and I. Belopolski and J. Bergman and J. Betzwieser and G. Billingsley and J. Birch and S. Biscans and C. Biwer and E. Black and C.{\hspace{0.167em}}D. Blair and C. Bogan and R. Bork and D.{\hspace{0.167em}}O. Bridges and A.{\hspace{0.167em}}F. Brooks and C. Celerier and G. Ciani and F. Clara and D. Cook and S.{\hspace{0.167em}}T. Countryman and M.{\hspace{0.167em}}J. Cowart and D.{\hspace{0.167em}}C. Coyne and A. Cumming and L. Cunningham and M. Damjanic and R. Dannenberg and K. Danzmann and C.{\hspace{0.167em}}F. Da Silva Costa and E.{\hspace{0.167em}}J. Daw and D. DeBra and R.{\hspace{0.167em}}T. DeRosa and R. DeSalvo and K.{\hspace{0.167em}}L. Dooley and S. Doravari and J.{\hspace{0.167em}}C. Driggers and S.{\hspace{0.167em}}E. Dwyer and A. Effler and T. Etzel and M. Evans and T.{\hspace{0.167em}}M. Evans and M. Factourovich and H. Fair and D. Feldbaum and R.{\hspace{0.167em}}P. Fisher and S. Foley and M. Frede and P. Fritschel and V.{\hspace{0.167em}}V. Frolov and P. Fulda and M. Fyffe and V. Galdi and J.{\hspace{0.167em}}A. Giaime and K.{\hspace{0.167em}}D. Giardina and J.{\hspace{0.167em}}R. Gleason and R. Goetz and S. Gras and C. Gray and R.{\hspace{0.167em}}J.{\hspace{0.167em}}S. Greenhalgh and H. Grote and C.{\hspace{0.167em}}J. Guido and K.{\hspace{0.167em}}E. Gushwa and E.{\hspace{0.167em}}K. Gustafson and R. Gustafson and G. Hammond and J. Hanks and J. Hanson and T. Hardwick and G.{\hspace{0.167em}}M. Harry and J. Heefner and M.{\hspace{0.167em}}C. Heintze and A.{\hspace{0.167em}}W. Heptonstall and D. Hoak and J. Hough and A. Ivanov and K. Izumi and M. Jacobson and E. James and R. Jones and S. Kandhasamy and S. Karki and M. Kasprzack and S. Kaufer and K. Kawabe and W. Kells and N. Kijbunchoo and E.{\hspace{0.167em}}J. King and P.{\hspace{0.167em}}J. King and D.{\hspace{0.167em}}L. Kinzel and J.{\hspace{0.167em}}S. Kissel and K. Kokeyama and W.{\hspace{0.167em}}Z. Korth and G. Kuehn and P. Kwee and M. Landry and B. Lantz and A. Le Roux and B.{\hspace{0.167em}}M. Levine and J.{\hspace{0.167em}}B. Lewis and V. Lhuillier and N.{\hspace{0.167em}}A. Lockerbie and M. Lormand and M.{\hspace{0.167em}}J. Lubinski and A.{\hspace{0.167em}}P. Lundgren and T. MacDonald and M. MacInnis and D.{\hspace{0.167em}}M. Macleod and M. Mageswaran and K. Mailand and S. M{\'{a}}rka and Z. M{\'{a}}rka and A.{\hspace{0.167em}}S. Markosyan and E. Maros and I.{\hspace{0.167em}}W. Martin and R.{\hspace{0.167em}}M. Martin and J.{\hspace{0.167em}}N. Marx and K. Mason and T.{\hspace{0.167em}}J. Massinger and F. Matichard and N. Mavalvala and R. McCarthy and D.{\hspace{0.167em}}E. McClelland and S. McCormick and G. McIntyre and J. McIver and E.{\hspace{0.167em}}L. Merilh and M.{\hspace{0.167em}}S. Meyer and P.{\hspace{0.167em}}M. Meyers and J. Miller and R. Mittleman and G. Moreno and C.{\hspace{0.167em}}L. Mueller and G. Mueller and A. Mullavey and J. Munch and L.{\hspace{0.167em}}K. Nuttall and J. Oberling and J. O'Dell and P. Oppermann and Richard J. Oram and B. O'Reilly and C. Osthelder and D.{\hspace{0.167em}}J. Ottaway and H. Overmier and J.{\hspace{0.167em}}R. Palamos and H.{\hspace{0.167em}}R. Paris and W. Parker and Z. Patrick and A. Pele and S. Penn and M. Phelps and M. Pickenpack and V. Pierro and I. Pinto and J. Poeld and M. Principe and L. Prokhorov and O. Puncken and V. Quetschke and E.{\hspace{0.167em}}A. Quintero and F.{\hspace{0.167em}}J. Raab and H. Radkins and P. Raffai and C.{\hspace{0.167em}}R. Ramet and C.{\hspace{0.167em}}M. Reed and S. Reid and D.{\hspace{0.167em}}H. Reitze and N.{\hspace{0.167em}}A. Robertson and J.{\hspace{0.167em}}G. Rollins and V.{\hspace{0.167em}}J. Roma and J.{\hspace{0.167em}}H. Romie and S. Rowan and K. Ryan and T. Sadecki and E.{\hspace{0.167em}}J. Sanchez and V. Sandberg and V. Sannibale and R.{\hspace{0.167em}}L. Savage and R.{\hspace{0.167em}}M.{\hspace{0.167em}}S. Schofield and B. Schultz and P. Schwinberg and D. Sellers and A. Sevigny and D.{\hspace{0.167em}}A. Shaddock and Z. Shao and B. Shapiro and P. Shawhan and D.{\hspace{0.167em}}H. Shoemaker and D. Sigg and B.{\hspace{0.167em}}J.{\hspace{0.167em}}J. Slagmolen and J.{\hspace{0.167em}}R. Smith and M.{\hspace{0.167em}}R. Smith and N.{\hspace{0.167em}}D. Smith-Lefebvre and B. Sorazu and A. Staley and A.{\hspace{0.167em}}J. Stein and A. Stochino and K.{\hspace{0.167em}}A. Strain and R. Taylor and M. Thomas and P. Thomas and K.{\hspace{0.167em}}A. Thorne and E. Thrane and C.{\hspace{0.167em}}I. Torrie and G. Traylor and G. Vajente and G. Valdes and A.{\hspace{0.167em}}A. van Veggel and M. Vargas and A. Vecchio and P.{\hspace{0.167em}}J. Veitch and K. Venkateswara and T. Vo and C. Vorvick and S.{\hspace{0.167em}}J. Waldman and M. Walker and R.{\hspace{0.167em}}L. Ward and J. Warner and B. Weaver and R. Weiss and T. Welborn and P. We{\ss}els and C. Wilkinson and P.{\hspace{0.167em}}A. Willems and L. Williams and B. Willke and L. Winkelmann and C.{\hspace{0.167em}}C. Wipf and J. Worden and G. Wu and H. Yamamoto and C.{\hspace{0.167em}}C. Yancey and H. Yu and L. Zhang and M.{\hspace{0.167em}}E. Zucker and J. Zweizig},
  title         = {Sensitivity of the Advanced {LIGO} detectors at the beginning of gravitational wave astronomy},
  journal       = {Physical Review D},
  year          = {2016},
  volume        = {93},
  number        = {11},
  month         = {jun},
  collaboration = {LIGO Scientific},
  doi           = {10.1103/physrevd.93.112004},
  eprint        = {1604.00439},
  groups        = {iLIGO, aLIGO},
  publisher     = {American Physical Society ({APS})},
  url           = {http://dx.doi.org/10.1103/physrevd.93.112004},
}

@TechReport{aVirgoTR2012,
  author      = {{The Virgo Collaboration}},
  title       = {Advanced Virgo Technical Design Report},
  institution = {EGO},
  year        = {2012},
  number      = {VIR-0128A-12},
  month       = {apr},
  groups      = {aVirgo},
  url         = {https://tds.ego-gw.it/ql/?c=8940},
}

@Article{Aasi_2015b,
  author       = {J Aasi and B P Abbott and R Abbott and T Abbott and M R Abernathy and K Ackley and C Adams and T Adams and P Addesso and R X Adhikari and V Adya and C Affeldt and N Aggarwal and O D Aguiar and A Ain and P Ajith and A Alemic and B Allen and D Amariutei and S B Anderson and W G Anderson and K Arai and M C Araya and C Arceneaux and J S Areeda and G Ashton and S Ast and S M Aston and P Aufmuth and C Aulbert and B E Aylott and S Babak and P T Baker and S W Ballmer and J C Barayoga and M Barbet and S Barclay and B C Barish and D Barker and B Barr and L Barsotti and J Bartlett and M A Barton and I Bartos and R Bassiri and J C Batch and C Baune and B Behnke and A S Bell and C Bell and M Benacquista and J Bergman and G Bergmann and C P L Berry and J Betzwieser and S Bhagwat and R Bhandare and I A Bilenko and G Billingsley and J Birch and S Biscans and C Biwer and J K Blackburn and L Blackburn and C D Blair and D Blair and O Bock and T P Bodiya and P Bojtos and C Bond and R Bork and M Born and Sukanta Bose and P R Brady and V B Braginsky and J E Brau and D O Bridges and M Brinkmann and A F Brooks and D A Brown and D D Brown and N M Brown and S Buchman and A Buikema and A Buonanno and L Cadonati and J Calder{\'{o}}n Bustillo and J B Camp and K C Cannon and J Cao and C D Capano and S Caride and S Caudill and M Cavagli{\`{a}} and C Cepeda and R Chakraborty and T Chalermsongsak and S J Chamberlin and S Chao and P Charlton and Y Chen and H S Cho and M Cho and J H Chow and N Christensen and Q Chu and S Chung and G Ciani and F Clara and J A Clark and C Collette and L Cominsky and M Constancio Jr and D Cook and T R Corbitt and N Cornish and A Corsi and C A Costa and M W Coughlin and S Countryman and P Couvares and D M Coward and M J Cowart and D C Coyne and R Coyne and K Craig and J D E Creighton and T D Creighton and J Cripe and S G Crowder and A Cumming and L Cunningham and C Cutler and K Dahl and T Dal Canton and M Damjanic and S L Danilishin and K Danzmann and L Dartez and I Dave and H Daveloza and G S Davies and E J Daw and D DeBra and W Del Pozzo and T Denker and T Dent and V Dergachev and R T DeRosa and R DeSalvo and S Dhurandhar and M D{\'{}}{\i}az and I Di Palma and G Dojcinoski and E Dominguez and F Donovan and K L Dooley and S Doravari and R Douglas and T P Downes and J C Driggers and Z Du and S Dwyer and T Eberle and T Edo and M Edwards and M Edwards and A Effler and H.-B Eggenstein and P Ehrens and J Eichholz and S S Eikenberry and R Essick and T Etzel and M Evans and T Evans and M Factourovich and S Fairhurst and X Fan and Q Fang and B Farr and W M Farr and M Favata and M Fays and H Fehrmann and M M Fejer and D Feldbaum and E C Ferreira and R P Fisher and Z Frei and A Freise and R Frey and T T Fricke and P Fritschel and V V Frolov and S Fuentes-Tapia and P Fulda and M Fyffe and J R Gair and S Gaonkar and N Gehrels and L {\'{A}} Gergely{\'{}} and J A Giaime and K D Giardina and J Gleason and E Goetz and R Goetz and L Gondan and G Gonz{\'{a}}lez and N Gordon and M L Gorodetsky and S Gossan and S Go{\ss}ler and C Gr{\"{a}}f and P B Graff and A Grant and S Gras and C Gray and R J S Greenhalgh and A M Gretarsson and H Grote and S Grunewald and C J Guido and X Guo and K Gushwa and E K Gustafson and R Gustafson and J Hacker and E D Hall and G Hammond and M Hanke and J Hanks and C Hanna and M D Hannam and J Hanson and T Hardwick and G M Harry and I W Harry and M Hart and M T Hartman and C-J Haster and K Haughian and S Hee and M Heintze and G Heinzel and M Hendry and I S Heng and A W Heptonstall and M Heurs and M Hewitson and S Hild and D Hoak and K A Hodge and S E Hollitt and K Holt and P Hopkins and D J Hosken and J Hough and E Houston and E J Howell and Y M Hu and E Huerta and B Hughey and S Husa and S H Huttner and M Huynh and T Huynh-Dinh and A Idrisy and N Indik and D R Ingram and R Inta and G Islas and J C Isler and T Isogai and B R Iyer and K Izumi and M Jacobson and H Jang and S Jawahar and Y Ji and F Jim{\'{e}}nez-Forteza and W W Johnson and D I Jones and R Jones and L Ju and K Haris and V Kalogera and S Kandhasamy and G Kang and J B Kanner and E Katsavounidis and W Katzman and H Kaufer and S Kaufer and T Kaur and K Kawabe and F Kawazoe and G M Keiser and D Keitel and D B Kelley and W Kells and D G Keppel and J S Key and A Khalaidovski and F Y Khalili and E A Khazanov and C Kim and K Kim and N G Kim and N Kim and Y.-M Kim and E J King and P J King and D L Kinzel and J S Kissel and S Klimenko and J Kline and S Koehlenbeck and K Kokeyama and V Kondrashov and M Korobko and W Z Korth and D B Kozak and V Kringel and B Krishnan and C Krueger and G Kuehn and A Kumar and P Kumar and L Kuo and M Landry and B Lantz and S Larson and P D Lasky and A Lazzarini and C Lazzaro and J Le and P Leaci and S Leavey and E O Lebigot and C H Lee and H K Lee and H M Lee and J R Leong and Y Levin and B Levine and J Lewis and T G F Li and K Libbrecht and A Libson and A C Lin and T B Littenberg and N A Lockerbie and V Lockett and J Logue and A L Lombardi and M Lormand and J Lough and M J Lubinski and H L{\"{u}}ck and A P Lundgren and R Lynch and Y Ma and J Macarthur and T MacDonald and B Machenschalk and M MacInnis and D M Macleod and F Maga{\~{n}}a-Sandoval and R Magee and M Mageswaran and C Maglione and K Mailand and I Mandel and V Mandic and V Mangano and G L Mansell and S M{\'{a}}rka and Z M{\'{a}}rka and A Markosyan and E Maros and I W Martin and R M Martin and D Martynov and J N Marx and K Mason and T J Massinger and F Matichard and L Matone and N Mavalvala and N Mazumder and G Mazzolo and R McCarthy and D E McClelland and S McCormick and S C McGuire and G McIntyre and J McIver and K McLin and S McWilliams and G D Meadors and M Meinders and A Melatos and G Mendell and R A Mercer and S Meshkov and C Messenger and P M Meyers and H Miao and H Middleton and E E Mikhailov and A Miller and J Miller and M Millhouse and J Ming and S Mirshekari and C Mishra and S Mitra and V P Mitrofanov and G Mitselmakher and R Mittleman and B Moe and S D Mohanty and S R P Mohapatra and B Moore and D Moraru and G Moreno and S R Morriss and K Mossavi and C M Mow-Lowry and C L Mueller and G Mueller and S Mukherjee and A Mullavey and J Munch and D Murphy and P G Murray and A Mytidis and T Nash and R K Nayak and V Necula and K Nedkova and G Newton and T Nguyen and A B Nielsen and S Nissanke and A H Nitz and D Nolting and M E N Normandin and L K Nuttall and E Ochsner and J O{\textquoteright}Dell and E Oelker and G H Ogin and J J Oh and S H Oh and F Ohme and P Oppermann and R Oram and B O{\textquoteright}Reilly and W Ortega and R O{\textquoteright}Shaughnessy and C Osthelder and C D Ott and D J Ottaway and R S Ottens and H Overmier and B J Owen and C Padilla and A Pai and S Pai and O Palashov and A Pal-Singh and H Pan and C Pankow and F Pannarale and B C Pant and M A Papa and H Paris and Z Patrick and M Pedraza and L Pekowsky and A Pele and S Penn and A Perreca and M Phelps and V Pierro and I M Pinto and M Pitkin and J Poeld and A Post and A Poteomkin and J Powell and J Prasad and V Predoi and S Premachandra and T Prestegard and L R Price and M Principe and S Privitera and R Prix and L Prokhorov and O Puncken and M P{\"{u}}rrer and J Qin and V Quetschke and E Quintero and G Quiroga and R Quitzow-James and F J Raab and D S Rabeling and H Radkins and P Raffai and S Raja and G Rajalakshmi and M Rakhmanov and K Ramirez and V Raymond and C M Reed and S Reid and D H Reitze and O Reula and K Riles and N A Robertson and R Robie and J G Rollins and V Roma and J D Romano and G Romanov and J H Romie and S Rowan and A R{\"{u}}diger and K Ryan and S Sachdev and T Sadecki and L Sadeghian and M Saleem and F Salemi and L Sammut and V Sandberg and J R Sanders and V Sannibale and I Santiago-Prieto and B S Sathyaprakash and P R Saulson and R Savage and A Sawadsky and J Scheuer and R Schilling and P Schmidt and R Schnabel and R M S Schofield and E Schreiber and D Schuette and B F Schutz and J Scott and S M Scott and D Sellers and A S Sengupta and A Sergeev and G Serna and A Sevigny and D A Shaddock and M S Shahriar and M Shaltev and Z Shao and B Shapiro and P Shawhan and D H Shoemaker and T L Sidery and X Siemens and D Sigg and A D Silva and D Simakov and A Singer and L Singer and R Singh and A M Sintes and B J J Slagmolen and J R Smith and M R Smith and R J E Smith and N D Smith-Lefebvre and E J Son and B Sorazu and T Souradeep and A Staley and J Stebbins and M Steinke and J Steinlechner and S Steinlechner and D Steinmeyer and B C Stephens and S Steplewski and S Stevenson and R Stone and K A Strain and S Strigin and R Sturani and A L Stuver and T Z Summerscales and P J Sutton and M Szczepanczyk and G Szeifert and D Talukder and D B Tanner and M T{\'{a}}pai and S P Tarabrin and A Taracchini and R Taylor and G Tellez and T Theeg and M P Thirugnanasambandam and M Thomas and P Thomas and K A Thorne and K S Thorne and E Thrane and V Tiwari and C Tomlinson and C V Torres and C I Torrie and G Traylor and M Tse and D Tshilumba and D Ugolini and C S Unnikrishnan and A L Urban and S A Usman and H Vahlbruch and G Vajente and G Valdes and M Vallisneri and A A van Veggel and S Vass and R Vaulin and A Vecchio and J Veitch and P J Veitch and K Venkateswara and R Vincent-Finley and S Vitale and T Vo and C Vorvick and W D Vousden and S P Vyatchanin and A R Wade and L Wade and M Wade and M Walker and L Wallace and S Walsh and H Wang and M Wang and X Wang and R L Ward and J Warner and M Was and B Weaver and M Weinert and A J Weinstein and R Weiss and T Welborn and L Wen and P Wessels and T Westphal and K Wette and J T Whelan and S E Whitcomb and D J White and B F Whiting and C Wilkinson and L Williams and R Williams and A R Williamson and J L Willis and B Willke and M Wimmer and W Winkler and C C Wipf and H Wittel and G Woan and J Worden and S Xie and J Yablon and I Yakushin and W Yam and H Yamamoto and C C Yancey and Q Yang and M Zanolin and Fan Zhang and L Zhang and M Zhang and Y Zhang and C Zhao and M Zhou and X J Zhu and M E Zucker and S Zuraw and J Zweizig},
  title        = {{Advanced LIGO}},
  journal      = {Classical and Quantum Gravity},
  year         = {2015},
  volume       = {32},
  number       = {7},
  pages        = {074001},
  month        = {201503},
  abstract     = {The {Advanced LIGO} gravitational wave detectors are second-generation instruments designed and built for the two LIGO observatories in Hanford, WA and Livingston, LA, USA. The two instruments are identical in design, and are specialized versions of a Michelson interferometer with 4 km long arms. As in Initial LIGO, Fabry--Perot cavities are used in the arms to increase the interaction time with a gravitational wave, and power recycling is used to increase the effective laser power. Signal recycling has been added in {Advanced LIGO} to improve the frequency response. In the most sensitive frequency region around 100 Hz, the design strain sensitivity is a factor of 10 better than Initial LIGO. In addition, the low frequency end of the sensitivity band is moved from 40 Hz down to 10 Hz. All interferometer components have been replaced with improved technologies to achieve this sensitivity gain. Much better seismic isolation and test mass suspensions are responsible for the gains at lower frequencies. Higher laser power, larger test masses and improved mirror coatings lead to the improved sensitivity at mid and high frequencies. Data collecting runs with these new instruments are planned to begin in mid-2015.},
  contribution = {MyWork},
  doi          = {10.1088/0264-9381/32/7/074001},
  file         = {:Ar2015_CaQG_Aasia - Advanced LIGO.pdf:PDF},
  groups       = {LIGO, aLIGO},
  owner        = {Giacomo},
  timestamp    = {2015.11.02},
  url          = {http://dx.doi.org/10.1088/0264-9381/32/7/074001},
}

@TechReport{,
  author      = {{The Virgo Collaboration}},
  title       = {Advanced Virgo Baseline Design},
  institution = {EGO},
  year        = {2009},
  groups      = {aVirgo},
  url         = {https://tds.ego-gw.it/ql/?c=6589},
}

@Unpublished{LSCPublications,
  author = {{Ligo Scientific Collaboration}},
  title  = {{LSC} Observational and Instrument Publications},
  url    = {https://www.lsc-group.phys.uwm.edu/ppcomm/Papers.html},
}

@Article{LIGOTCS_2016,
  author  = {A. F. Brooks and B. Abbott and M. A. Arain and G. Ciani and A. Cole and G. Grabeel and E. Gustafson and C. Guido and M. Heintze and A. Hepstonstall and M. Jacobson and W. Kim and E. King and A. Lynch and S. O'Connor and D. Ottaway and K. Mailand and G. Mueller and J. Munch and V. Sannibale and Z. Shao and M. Smith and P. Veitch and T. Vo and C. Vorvick and P. Willems},
  title   = {Overview of {Advanced LIGO} Adaptive Optics},
  journal = {Applied Optics},
  year    = {2015},
  note    = {Submitted for publication},
}

@Comment{jabref-meta: databaseType:bibtex;}

@Comment{jabref-meta: groupstree:
0 AllEntriesGroup:;
1 ExplicitGroup:Sources of information\;2\;;
2 ExplicitGroup:IFO Design\;2\;;
3 ExplicitGroup:iLIGO\;0\;;
3 ExplicitGroup:VIRGO\;0\;;
3 ExplicitGroup:GEO\;0\;;
3 ExplicitGroup:TAMA\;0\;;
3 ExplicitGroup:CLIO\;0\;;
3 ExplicitGroup:aLIGO\;0\;;
3 ExplicitGroup:aVirgo\;0\;;
3 ExplicitGroup:ET\;0\;;
2 ExplicitGroup:Science Runs\;0\;;
}

@Comment{jabref-meta: groupsversion:3;}
