% Encoding: UTF-8
@ARTICLE{Shoemaker1988,
   author = {{Shoemaker}, D. and {Schilling}, R. and {Schnupp}, L. and {Winkler}, W. and 
	{Maischberger}, K. and {R{\"u}diger}, A.},
    title = "{Noise behavior of the Garching 30-meter prototype gravitational-wave detector}",
  journal = {Phys. Rev. D},
 keywords = {Observational cosmology},
     year = 1988,
    month = jul,
   volume = 38,
    pages = {423-432},
      doi = {10.1103/PhysRevD.38.423},
   adsurl = {http://adsabs.harvard.edu/abs/1988PhRvD..38..423S},
  adsnote = {Provided by the SAO/NASA Astrophysics Data System}
}

@ARTICLE{PDH,
   author = {{Drever}, R.~W.~P. and {Hall}, J.~L. and {Kowalski}, F.~V. and 
	{Hough}, J. and {Ford}, G.~M. and {Munley}, A.~J. and {Ward}, H.
	},
    title = "{Laser phase and frequency stabilization using an optical resonator}",
  journal = {Applied Physics B: Lasers and Optics},
 keywords = {PACS 06 - 07.60 - 07.65, 06, 07.60, 07.65},
     year = 1983,
    month = jun,
   volume = 31,
    pages = {97-105},
      doi = {10.1007/BF00702605},
   adsurl = {http://adsabs.harvard.edu/abs/1983ApPhB..31...97D},
  adsnote = {Provided by the SAO/NASA Astrophysics Data System}
}

@ARTICLE{Morrison1994,
   author = {{Morrison}, E. and {Robertson}, D.~I. and {Ward}, H. and {Meers}, B.~J.
	},
    title = "{Automatic alignment of optical interferometers}",
  journal = {Applied Optics},
 keywords = {INTERFEROMETRY, FABRY-PEROT, ALIGNMENT, WAVES},
     year = 1994,
    month = aug,
   volume = 33,
    pages = {5041-5049},
      doi = {10.1364/AO.33.005041},
   adsurl = {http://adsabs.harvard.edu/abs/1994ApOpt..33.5041M},
  adsnote = {Provided by the SAO/NASA Astrophysics Data System}
}

@ARTICLE{Punturo2010,
   author = {{Punturo}, M. and et al.},
    title = "{The Einstein Telescope: a third-generation gravitational wave observatory}",
  journal = {Classical and Quantum Gravity},
     year = 2010,
    month = oct,
   volume = 27,
   number = 19,
      eid = {194002},
    pages = {194002},
      doi = {10.1088/0264-9381/27/19/194002},
   adsurl = {http://adsabs.harvard.edu/abs/2010CQGra..27s4002P},
  adsnote = {Provided by the SAO/NASA Astrophysics Data System}
}

@Article{Dwyer2015,
  author        = {{Dwyer}, S. and {Sigg}, D. and {Ballmer}, S.~W. and {Barsotti}, L. and {Mavalvala}, N. and {Evans}, M.},
  title         = {{Gravitational wave detector with cosmological reach}},
  journal       = {prd},
  year          = {2015},
  volume        = {91},
  number        = {8},
  pages         = {082001},
  month         = apr,
  adsnote       = {Provided by the SAO/NASA Astrophysics Data System},
  adsurl        = {http://adsabs.harvard.edu/abs/2015PhRvD..91h2001D},
  archiveprefix = {arXiv},
  doi           = {10.1103/PhysRevD.91.082001},
  eid           = {082001},
  eprint        = {1410.0612},
  keywords      = {Gravitational wave detectors and experiments, Gravitational radiation detectors, mass spectrometers, and other instrumentation and techniques, Gravitational radiation magnetic fields and other observations, Interferometers},
  primaryclass  = {astro-ph.IM},
}



@ARTICLE{Morrison1994b,
   author = {{Morrison}, E. and {Robertson}, D.~I. and {Ward}, H. and {Meers}, B.~J.
	},
    title = "{Experimental demonstration of an automatic alignment system for optical interferometers}",
  journal = {Applied Optics},
 keywords = {INTERFEROMETRY, FABRY-PEROT, ALIGNMENT, WAVES},
     year = 1994,
    month = aug,
   volume = 33,
    pages = {5037-5040},
   adsurl = {http://adsabs.harvard.edu/abs/1994ApOpt..33.5037M},
  adsnote = {Provided by the SAO/NASA Astrophysics Data System}
}

@ARTICLE{Fritschel1998,
   author = {{Fritschel}, P. and {Mavalvala}, N. and {Shoemaker}, D. and 
	{Sigg}, D. and {Zucker}, M. and {Gonz{\'a}lez}, G.},
    title = "{Alignment of an Interferometric Gravitational Wave Detector}",
  journal = {Applied Optics},
     year = 1998,
    month = oct,
   volume = 37,
    pages = {6734-6747},
      doi = {10.1364/AO.37.006734},
   adsurl = {http://adsabs.harvard.edu/abs/1998ApOpt..37.6734F},
  adsnote = {Provided by the SAO/NASA Astrophysics Data System}
}


@ARTICLE{Anderson1984,
   author = {{Anderson}, D.~Z.},
    title = "{Alignment of resonant optical cavities}",
  journal = {Applied Optics},
 keywords = {Cavity Resonators, Coupled Modes, Light Beams, Optical Resonators, Laser Cavities, Normal Density Functions, Propagation Modes, Spatial Distribution},
     year = 1984,
    month = sep,
   volume = 23,
    pages = {2944-2949},
      doi = {10.1364/AO.23.002944},
   adsurl = {http://adsabs.harvard.edu/abs/1984ApOpt..23.2944A},
  adsnote = {Provided by the SAO/NASA Astrophysics Data System}
}

@ARTICLE{Staley2014,
   author = {{Staley}, A. and {Martynov}, D. and {Abbott}, R. and {Adhikari}, R.~X. and 
	{Arai}, K. and {Ballmer}, S. and {Barsotti}, L. and {Brooks}, A.~F. and 
	{DeRosa}, R.~T. and {Dwyer}, S. and {Effler}, A. and {Evans}, M. and 
	{Fritschel}, P. and {Frolov}, V.~V. and {Gray}, C. and {Guido}, C.~J. and 
	{Gustafson}, R. and {Heintze}, M. and {Hoak}, D. and {Izumi}, K. and 
	{Kawabe}, K. and {King}, E.~J. and {Kissel}, J.~S. and {Kokeyama}, K. and 
	{Landry}, M. and {McClelland}, D.~E. and {Miller}, J. and {Mullavey}, A. and 
	{O'Reilly}, B. and {Rollins}, J.~G. and {Sanders}, J.~R. and 
	{Schofield}, R.~M.~S. and {Sigg}, D. and {Slagmolen}, B.~J.~J. and 
	{Smith-Lefebvre}, N.~D. and {Vajente}, G. and {Ward}, R.~L. and 
	{Wipf}, C.},
    title = "{Achieving resonance in the Advanced LIGO gravitational-wave interferometer}",
  journal = {Classical and Quantum Gravity},
     year = 2014,
    month = dec,
   volume = 31,
   number = 24,
      eid = {245010},
    pages = {245010},
      doi = {10.1088/0264-9381/31/24/245010},
   adsurl = {http://adsabs.harvard.edu/abs/2014CQGra..31x5010S},
  adsnote = {Provided by the SAO/NASA Astrophysics Data System}
}

@ARTICLE{Arain2008,
   author = {{Arain}, M.~A. and {Mueller}, G.},
    title = "{Design of the Advanced LIGO recycling cavities}",
  journal = {Optics Express},
     year = 2008,
    month = jun,
   volume = 16,
    pages = {10018},
      doi = {10.1364/OE.16.010018},
   adsurl = {http://adsabs.harvard.edu/abs/2008OExpr..1610018A},
  adsnote = {Provided by the SAO/NASA Astrophysics Data System}
}


@ARTICLE{DCreadout,
   author = {{Hild}, S. and {Grote}, H. and {Degallaix}, J. and {Chelkowski}, S. and 
	{Danzmann}, K. and {Freise}, A. and {Hewitson}, M. and {Hough}, J. and 
	{L{\"u}ck}, H. and {Prijatelj}, M. and {Strain}, K.~A. and {Smith}, J.~R. and 
	{Willke}, B.},
    title = "{DC-readout of a signal-recycled gravitational wave detector}",
  journal = {Classical and Quantum Gravity},
archivePrefix = "arXiv",
   eprint = {0811.3242},
 primaryClass = "gr-qc",
     year = 2009,
    month = mar,
   volume = 26,
   number = 5,
      eid = {055012},
    pages = {055012},
      doi = {10.1088/0264-9381/26/5/055012},
   adsurl = {http://adsabs.harvard.edu/abs/2009CQGra..26e5012H},
  adsnote = {Provided by the SAO/NASA Astrophysics Data System}
}


@ARTICLE{GW150914,
   author = {{Abbott}, B.~P. and {Abbott}, R. and {Abbott}, T.~D. and {Abernathy}, M.~R. and 
	{Acernese}, F. and {Ackley}, K. and {Adams}, C. and {Adams}, T. and 
	{Addesso}, P. and {Adhikari}, R.~X. and et al.},
    title = "{Observation of Gravitational Waves from a Binary Black Hole Merger}",
  journal = {Physical Review Letters},
archivePrefix = "arXiv",
   eprint = {1602.03837},
 primaryClass = "gr-qc",
     year = 2016,
    month = feb,
   volume = 116,
   number = 6,
      eid = {061102},
    pages = {061102},
      doi = {10.1103/PhysRevLett.116.061102},
   adsurl = {http://adsabs.harvard.edu/abs/2016PhRvL.116f1102A},
  adsnote = {Provided by the SAO/NASA Astrophysics Data System}
}

@TechReport{Weiss1972,
  author      = {R. Weiss},
  title       = {Electromagnetically coupled gravitational antenna},
  institution = {Quarterly progress report, Research Laboratory of Electronics, MIT},
  year        = {1972},
  type        = {~},
}

@article{hopf95,
  author   = "Hopfield, J.~J. and Herz, A.~V.~M.",
  title    = "{Rapid Local Synchronization of Action Potentials:~Toward Computation with Coupled Integrate-and-Fire Neurons}",
  journal  = "Proceedings of the National Academy of Sciences",
  year     = "1995",
  volume   = "92",
  pages    = "6655-6662",
  number   = "15",
  doi      = "10.1073/pnas.92.15.6655",
  note     = "\url{http://www.pnas.org/cgi/reprint/92/15/6655.pdf}",
  url      = "http://www.pnas.org/cgi/content/abstract/92/15/6655"
}

@article{yuan14,
  title         = "{Recent progress on the study of the charmoniumlike states}",
  author        = "Yuan, Chang-Zheng",
  journal       = "Int. J. Mod. Phys.",
  year          = "2014",
  pages         = "1430046",
  volume        = "A29",
  doi           = "10.1142/S0217751X14300464",
  archiveprefix = "arXiv",
  eprint        = "1404.7768",
  primaryclass  = "hep-ex"
}

@Article{Barish_1999,
  author    = {Barry C. Barish and Rainer Weiss},
  title     = {{LIGO} and the Detection of Gravitational Waves},
  journal   = {Phys. Today},
  year      = {1999},
  volume    = {52},
  number    = {10},
  pages     = {44},
  doi       = {10.1063/1.882861},
  publisher = {{AIP} Publishing},
  url       = {http://dx.doi.org/10.1063/1.882861},
}

@Article{Abramovici_1992,
  author    = {A. Abramovici and W. E. Althouse and R. W. P. Drever and Y. Gursel and S. Kawamura and F. J. Raab and D. Shoemaker and L. Sievers and R. E. Spero and K. S. Thorne and R. E. Vogt and R. Weiss and S. E. Whitcomb and M. E. Zucker},
  title     = {{LIGO}: The Laser Interferometer Gravitational-Wave Observatory},
  journal   = {Science},
  year      = {1992},
  volume    = {256},
  number    = {5055},
  pages     = {325--333},
  month     = {apr},
  doi       = {10.1126/science.256.5055.325},
  publisher = {American Association for the Advancement of Science ({AAAS})},
  url       = {http://dx.doi.org/10.1126/science.256.5055.325},
}

@Comment{jabref-meta: databaseType:bibtex;}
